3210 5200
1025 427 1552 500 IOHANNIDOS
1602 433 1759 506 LIB.
1807 436 1858 501 Ι.
2437 459 2479 528 3
2495 461 2530 531 1

527 595 771 656 auribus
797 592 1079 655 insinuat·
1094 594 1368 676 placidis.
1451 602 1692 679 gavisus
1721 601 1964 661 almnuo

525 699 855 778 imperialis
884 717 1041 777 apex
1069 709 1233 778 optat
1259 703 1347 759 sic
1372 703 1610 762 vincere
1639 723 1895 782 semper.

528 803 691 859 ilicet
708 802 936 859 auxilio
965 802 1220 880 Libyam
1251 800 1569 864 defendere
1594 807 1803 876 mittit.

366 903 485 968 125
608 903 903 981 Principis
929 903 1194 981 imperiis
1223 915 1543 964 onerantur
1564 908 1755 974 milite
1779 927 2031 988 puppes,

527 1006 812 1085 impensis
842 1005 1139 1084 annisque
1166 1006 1379 1078 simul3
1422 1025 1774 1088 pugnasque
1801 1008 2104 1075 docendus
2151 1063 2156 1076 ,

530 1110 785 1165 mittitur
808 1107 1084 1185 auspiciis
1115 1105 1441 1177 domiturus
1472 1108 1633 1167 bella
1667 1113 1938 1188 magistri
2005 1161 2010 1166 .

527 1211 640 1268 tiro
677 1208 839 1267 rudis
864 1209 1093 1287 magni.
1176 1207 1447 1288 placidus
1480 1212 1603 1269 iam
1627 1221 1893 1292 tempore
1921 1229 2079 1278 certo

530 1312 769 1369 carbasa
803 1320 1015 1372 ventus
1042 1330 1225 1390 agens
1256 1321 1517 1372 maturas
1540 1314 1770 1374 fecerat
1791 1315 2004 1395 undas,

368 1415 488 1477 180
530 1415 955 1493 navigiumque
983 1411 1197 1480 Thetis
1220 1412 1512 1476 suadebat
1538 1435 1826 1496 prospera
1843 1423 2066 1490 nautis.

611 1516 912 1574 Maximus
936 1525 1011 1581 at,
1024 1517 1298 1596 princeps
1322 1518 1501 1596 plena
1528 1520 1747 1596 pietate
1771 1522 2123 1597 magistrum

530 1615 795 1693 edocuit,
838 1621 925 1678 sic
950 1620 1130 1678 verba
1152 1638 1420 1680 movens.
1493 1611 1631 1682 “res
1661 1621 1902 1698 publica
1930 1636 2132 1688 nostra
2171 1667 2177 1672 .

527 1721 789 1797 praemia
816 1731 1158 1801 compensat
1184 1721 1396 1790 merito
1429 1718 1724 1799 condigna
1748 1723 1939 1782 labori

526 1824 789 1901 principe
820 1833 1354 1902 me;·cunctosque
1378 1823 1574 1896 iuvat,
1623 1821 2027 1908 gradibusque
2063 1843 2332 1910 potentes

366 1922 484 1988 135
536 1944 662 1982 esse
700 1925 875 2000 facit,
916 1943 1299 2004 quoscunque
1325 1924 1487 2010 viros
1509 1926 1664 1984 bene
1695 1947 1927 1987 currere
1954 1936 2138 1994 sentit

526 2046 630 2105 pro
663 2029 831 2085 terris
857 2027 1213 2106 populisque
1246 2028 1391 2084 suis.
1475 2044 1637 2085 nunc
1664 2031 1865 2108 accipe
1896 2030 2073 2111 dicta,

528 2139 586 2188 et
622 2150 827 2188 causas
858 2148 1145 2207 cognosce
1178 2129 1405 2204 libens,
1448 2149 1519 2188 ac
1545 2140 1747 2196 mente
1773 2142 1993 2193 teneto.
2093 2181 2100 2187 ,

523 2234 723 2292 Africa
753 2232 862 2291 sub
880 2233 1127 2312 ,quantis
1158 2233 1349 2290 iaceat
1377 2230 1717 2300 miseranda
1746 2237 2007 2313 periclis,

527 2338 764 2395 auribus
791 2337 855 2392 in
883 2335 1098 2393 nostris
1126 2337 1352 2404 sonuit.
1436 2324 1775 2393 succurrere
1801 2337 1995 2396 fessae

369 2438 487 2503 140
526 2439 830 2518 compellit
860 2438 1071 2514 pietas.
1156 2436 1380 2515 placuit
1398 2479 1416 2510 ,
1461 2437 1819 2512 fortissime,
1861 2437 2079 2500 nostris
2135 2413 2138 2422 Ι

531 2552 589 2600 et
611 2544 806 2599 visum
834 2548 923 2598 est
951 2540 1167 2598 'animis
1192 2538 1447 2617 Libyam
1470 2547 1529 2595 te
1555 2557 1733 2617 posse
1761 2541 1934 2598 tueri.

527 2647 696 2724 signa
717 2664 893 2702 move
911 2686 929 2718 ,
972 2653 1031 2702 et
1059 2642 1246 2701 celsas
1277 2642 1461 2699 velox
1492 2639 1820 2701 conscende
1851 2644 2099 2722 carinas,

527 2736 598 2806 ac
623 2749 869 2806 miseros
901 2746 1088 2805 solitis
1129 2745 1326 2803 releva
1348 2734 1665 2801 virtutibus
1694 2741 1889 2817 Afros,

526 2853 1034 2929 Languantanque
1066 2848 1225 2909 acies
1257 2847 1437 2904 armis
1467 2856 1772 2924 prosterne
1799 2846 2074 2923 rebelles,

372 2947 484 3017 145
530 2954 638 3012 sub
665 2952 879 3011 nostris
903 2948 1156 3031 pedibus
1185 2951 1516 3009 subiectum
1540 2949 1772 3007 flectere
1795 2950 2036 3024 collum,
2081 2994 2089 3001 .

526 3074 926 3133 compressum
952 3055 1166 3111 virtute
1199 3063 1323 3111 tua.
1410 3062 1478 3109 tu
1510 3053 1703 3130 prisca
1729 3061 2048 3129 parentum

522 3159 649 3216 iura
678 3168 850 3231 tene,
894 3156 1085 3215 sessos
1112 3156 1345 3228 releva,
1388 3154 1693 3231 confringe
1722 3154 1995 3214 rebelles·

528 3257 628 3317 hic
651 3260 886 3338 pietatis
913 3276 1112 3330 amor,
1158 3257 1439 3315 subiectis
1467 3275 1742 3334 parcere,
1784 3266 2026 3321 nostrae.
2047 3266 2136 3317 est
2151 3276 2176 3316 ι,

527 3359 626 3419 hic
649 3362 877 3419 virtutis
905 3357 1129 3432 honor,
1175 3368 1381 3436 gentes
1415 3356 1704 3417 domitare
1724 3358 2032 3436 superbas.

371 3463 487 3528 150
525 3461 673 3543 haec
698 3482 834 3520 mea
863 3463 1022 3519 iussa
1047 3471 1256 3520 tenens
1273 3504 1289 3534 ‚
1337 3459 1546 3521 ductor
1571 3458 1857 3521 fidissime
1873 3488 1910 3532 ,·
1935 3479 2128 3521 serva.

530 3576 718 3624 cetera
750 3562 1014 3622 Christus
1043 3572 1212 3641 agat,
1254 3573 1454 3621 noster
1486 3561 1880 3640 dominusque
1914 3560 2198 3641 deusque,

528 3670 594 3726 in
620 3668 832 3724 melius
859 3667 1118 3724 referens
1134 3708 1150 3740 ,
1193 3675 1254 3724 et
1280 3675 1339 3723 te
1369 3686 1477 3744 per
1503 3672 1718 3723 cuncta-
1744 3660 2035 3740 gubernet

527 3769 909 3847 prosperitate
936 3787 1064 3825 sua.
1150 3768 1336 3827 titulis
1362 3767 1708 3833 melioribus
1734 3775 1935 3824 auctos
2016 3824 2020 3828 ,

525 3890 631 3950 pro
658 3871 884 3928 meritis
909 3889 1017 3927 nos
1044 3870 1155 3929 rite
1188 3881 1320 3930 tuos
1349 3871 1656 3935 videamus
1683 3858 1991 3931 honores?
2021 3910 2028 3919 -

370 3972 482 4037 155
608 3969 869 4031 Procidit
895 3981 1030 4029 ante
1062 3971 1279 4050 pedes,
1323 3972 1661 4052 divinisque
1688 3971 1889 4031 oscula
1913 3970 2134 4049 plantis

366 4169 460 4224 125
493 4169 801 4225 honorantur
827 4172 876 4224 Τ
1059 4173 1158 4230 128
1191 4171 1442 4239 lytorudis
1466 4173 1517 4225 Τ
1698 4174 1794 4227 129
1829 4175 2051 4226 maturas
2069 4169 2143 4234 vl»,
2173 4172 2400 4223 ‘motum
2423 4166 2548 4218 ΜΤ

365 4240 461 4293 132
486 4240 565 4297 ,sic
604 4241 691 4304 Μ,
731 4243 859 4294 haec
900 4243 950 4295 Τ
1184 4244 1283 4296 136
1316 4257 1415 4310 que
1453 4243 1573 4294 add.
1600 4242 1664 4297 M
1769 4274 1770 4283 κ
1899 4241 1995 4295 147
2026 4237 2139 4293 iura
2165 4240 2249 4301 M,
2285 4238 2457 4293 lumea
2485 4235 2536 4285 Τ

366 4308 460 4365 149
489 4310 698 4367 domare
726 4311 775 4365 Τ
890 4364 893 4369 ,
976 4308 1075 4363 152
1104 4308 1363 4365 immedius
1388 4313 1457 4377 T,
1493 4311 1544 4363 in
1566 4310 1791 4365 manibus
1819 4311 1878 4362 M
2097 4308 2196 4362 153
2226 4323 2295 4361 aa
2317 4320 2436 4367 sua,
2475 4308 2533 4355 ut

362 4376 556 4430 titulis?
765 4379 864 4432 154
898 4379 1117 4433 retecius
1145 4381 1205 4431 Τ.

457 4473 649 4526 Merob.
694 4481 744 4528 et
788 4475 908 4527 Cor.
2065 4434 2070 4441 ι
2085 4467 2126 4522 7
