3210 5200
659 376 802 429 xm
1399 353 2074 427 MAZZUCGHELLII

654 521 823 583 sibus
837 518 1151 601 productis
1188 521 1337 581 citat
1360 517 1658 578 Iohannes
1700 522 2112 605 Οωρίῃιὶιιιιω
2127 522 2194 582 in
2230 521 2384 581 Vitis
2416 523 2739 583 Caesarum
2764 545 2834 584 ex

664 625 984 685 Viennensi
1043 621 1303 685 Ausa-ia
1354 618 1706 679 bibliotheca
1719 663 1747 693 ,
1810 623 1867 680 si
1912 625 2246 681 coniectura
2294 645 2416 682 non
2467 626 2795 707 decipimur
2804 650 2831 701 ;

654 747 840 808 quam
876 728 932 785 si
971 728 1073 785 cui
1111 726 1276 783 docto
1317 733 1375 781 et
1413 723 1653 782 cordato
1691 725 1818 783 viro
1842 723 1973 781 illic
2000 724 2097 783 vel
2120 723 2271 782 alibi
2300 726 2582 805 indipisci
2611 728 2834 799 descri-

648 826 905 886 bendam
944 830 1344 906 contingeret,
1400 846 1516 884 nae
1558 824 1664 881 ille
1700 845 1930 883 omnem
1962 829 2368 902 posteritatem
2410 827 2685 905 beneficio
2726 830 2833 888 de·-

648 940 981 993 mereretur.
1068 928 1140 985 id
1183 938 1257 985 ut
1280 926 1490 1005 jaciat
1530 927 1864 1004 cuicunque
1904 930 2075 1005 copia
2114 929 2399 1002 dabitur,
2440 931 2619 1009 idque
2648 949 2835 1009 quam

645 1034 993 1092 maturrime
1023 1030 1249 1107 poterit
1302 1026 1468 1108 (non
1513 1029 1672 1087 enim
1714 1026 1918 1086 dubito
1964 1032 2289 1091 etiamnum
2330 1043 2556 1091 exstare
2605 1053 2699 1090 eos
2732 1053 2833 1091 co-

643 1132 880 1213 dices),
923 1133 1186 1195 convicio
1226 1151 1334 1188 nos
1378 1151 1513 1189 eum
1542 1131 1851 1209 poscimus
1892 1141 1950 1188 et
1975 1152 2092 1209 per
2130 1135 2460 1195 Musarum
2493 1136 2658 1209 omni
2685 1155 2833 1193 aevo

640 1254 818 1295 sacra
841 1235 1121 1312 mysteria
1147 1231 1538 1297 obsecramus.
1608 1252 1713 1293 nos
1741 1233 1981 1311 quidem
2002 1255 2123 1295 non
2136 1237 2395 1315 pigeret,
2435 1234 2612 1293 rebus
2636 1240 2832 1293 omni-

642 1335 756 1393 bus
781 1338 1047 1414 sepositis
1060 1376 1088 1406 ,
1137 1333 1289 1393 libro
1322 1335 1386 1393 in
1413 1355 1632 1393 manus
1660 1346 1850 1392 sumto
1878 1336 2017 1393 utili
2046 1358 2153 1395 nos
2180 1339 2594 1397 commentario
2623 1339 2831 1395 accin-

634 1458 780 1519 gere
793 1461 820 1511 ;
882 1458 959 1497 ne
1008 1440 1076 1497 in
1119 1437 1233 1496 talc·
1263 1436 1468 1515 aliqw
1502 1434 1619 1495 sibi
1642 1435 2038 1497 laborandum
2064 1451 2338 1512 censeat,
2379 1440 2488 1519 qui
2505 1438 2830 1519 Jbrtunam

642 1551 771 1599 tam
821 1539 1150 1618 aliquando
1199 1536 1520 1605 habiturus
1560 1549 1646 1597 est
1673 1542 2028 1617 propitiam.
2132 1540 2362 1601 Barthii
2408 1550 2546 1600 vota
2587 1541 2829 1598 fuerunt

645 1662 884 1725 quoque
911 1641 1183 1715 nummii,
1227 1642 1504 1719 Leyseri,
1547 1642 1853 1725 Fogginii,
1897 1662 2010 1699 nec
2028 1662 2151 1705 non
2179 1645 2452 1704 aliorum.
2534 1644 2825 1701 Daumius

641 1764 904 1824 namque
929 1745 993 1803 in
1023 1742 1272 1821 epistola
1297 1761 1477 1821 supra
1504 1744 1678 1805 citata
1703 1743 1793 1803 ad
1798 1744 2123 1813 Ileinsium
2137 1745 2428 1802 scribebat
2447 1763 2601 1802 anno
2629 1747 2783 1808 1672
2802 1760 2822 1801 :

641 1846 876 1903 utinam
904 1842 1127 1920 aliquis
1160 1840 1541 1911 Iohanneida
1574 1843 1854 1921 Corippi,
1897 1863 2051 1921 quae
2076 1846 2143 1901 in
2165 1843 2521 1917 ¹bibliotheca
2549 1845 2829 1903 Budensi

620 1946 799 2026 fuit,
841 1943 1093 2003 tenebris
1133 1946 1397 2002 erueret!
1478 1944 1843 2024 Polycarpus
1888 1946 2183 2024 Leyserus
2219 1947 2287 2003 in
2323 1945 2703 2023 praefatione
2743 1945 2825 2004 ad

636 2066 809 2106 sumu
840 2048 1183 2109 Historiam
1197 2046 1518 2125 poetarum
1544 2058 1600 2104 et
1615 2047 1966 2124 poe‘matum
1998 2046 2182 2103 medii
2211 2046 2380 2117 aevi,
2423 2047 2530 2105 ubi
2563 2047 2822 2124 Conspe·

635 2159 800 2207 ctum
832 2151 1089 2227 corporis
1103 2150 1426 2228 poetarum
1453 2151 1817 2207 Latinorum
1841 2149 2023 2207 medii
2047 2149 2221 2218 aevi,
2280 2146 2443 2227 quod
2486 2146 2662 2205 edere
2705 2150 2820 2208 sibi

631 2271 804 2309 mens
852 2262 979 2311 erat
995 2295 1012 2327 ,
1071 2255 1319 2333 exponit
1332 2298 1348 2327 ‚
1391 2271 1575 2331 prope
1621 2250 1805 2309 finem
1850 2252 2186 2309 exclamat:
2243 2251 2479 2308 utinam
2516 2260 2573 2307 et
2610 2249 2823 2308 baberi

617 2363 820 2431 posset
885 2354 1128 2432 Corippi
1179 2355 1489 2415 Iohannis.
1578 2354 1906 2430 Fogginius
1951 2351 2209 2433 denique
2250 2353 2318 2410 in
2362 2353 2586 2430 pluries
2640 2354 2818 2411 citata

620 2455 998 2535 praefatione
1025 2477 1088 2537 p.
1107 2459 1194 2519 IX
1217 2455 1368 2514 haec
1396 2455 1659 2535 profert:
1705 2454 1938 2513 iamdiu
1966 2455 2147 2512 liuius
2176 2456 2352 2515 etiarn
2371 2453 2664 2531 poematii
2690 2454 2818 2511 edi—

630 2559 849 2617 tionem
891 2562 959 2618 in
1005 2561 1158 2619 votis
1202 2557 1383 2618 habet
1427 2555 1769 2635 respublica
1797 2557 2094 2616 litteraria
2111 2598 2139 2629 ‚
2181 2576 2368 2637 neque
2394 2555 2663 2634 elapsam
2691 2558 2818 2616 eius

628 2681 793 2739 spem
812 2661 967 2718 mihi
993 2682 1262 2740 auguror
1294 2682 1364 2718 ex
1388 2680 1451 2717 eo
1476 2659 1643 2738 quod
1661 2659 1816 2718 milzi
1846 2670 1998 2718 certo
2026 2670 2256 2718 constat
2280 2661 2346 2715 in
2356 2658 2641 2735 pluribus
2671 2659 2816 2715 olim

629 2762 930 2822 codicibus
972 2763 1332 2837 descriptum
1352 2761 1576 2838 fuisse.
1650 2762 1847 2837 paulo
1892 2761 2050 2816 infra
2087 2780 2149 2836 p.
2177 2763 2238 2816 X
2284 2757 2359 2816 de
2399 2758 2601 2818 codice
2643 2762 2822 2818 Casi-

627 2865 802 2924 nensi
843 2860 1040 2920 addit:
1086 2864 1320 2938 utinam
1360 2881 1494 2917 vero
1532 2860 1710 2914 etiam
1741 2879 1905 2916 nunc
1928 2868 2289 2934 superesset,
2331 2870 2443 2918 aut
2462 2880 2578 2938 quo
2604 2881 2819 2937 aspor-

630 2974 791 3030 tatus
801 2964 1004 3042 suerit
1028 2962 1447 3021 innotesceret!
1531 2979 1762 3017 omnem
1780 2960 2049 3038 profecto
2074 2958 2477 3022 adhibuissem
2506 2983 2714 3022 curam
2740 2986 2820 3023 ne

627 3066 893 3143 amplius
918 3065 1364 3130 desideraretur.
1452 3081 1566 3130 nee
1591 3061 1693 3119 alii
1719 3063 1921 3140 plures
1951 3061 2166 3120 desunt
2191 3065 2295 3144 qui
2326 3064 2647 3144 Corippum
2674 3067 2811 3126 lau-

628 3165 938 3226 daverunt.
1024 3169 1207 3226 Olane
1241 3168 1461 3247 quippe
1494 3160 1837 3223 Borrichius
1877 3165 2133 3224 Dis-sert.
2171 3169 2213 3228 2
2246 3165 2319 3223 de
2341 3167 2535 3243 poe'tis
2563 3169 2808 3228 Latinis

624 3289 688 3349 p.
720 3273 802 3333 82
832 3271 1008 3329 illum
1034 3281 1207 3332 vocat
1218 3269 1466 3347 poe‘tam
1493 3287 1614 3326 non
1642 3265 1964 3346 ignobilem
1975 3289 2003 3341 ;
2050 3265 2386 3348 christoph.
2421 3273 2707 3332 cellarius
2738 3274 2806 3331 in

626 3371 1072 3452 Prolegomenis
1121 3370 1199 3430 ad
1249 3372 1441 3430 Caras
1482 3372 1831 3447 posteriores
1880 3370 1953 3432 de
1998 3368 2385 3434 barbarismis
2415 3384 2471 3432 et
2494 3374 2805 3433 idiotismis

620 3476 903 3533 sermonis
929 3475 1146 3536 Latini
1176 3470 1316 3529 edit.
1348 3473 1614 3530 lenensis
1652 3473 1794 3532 anni
1826 3475 1986 3537 1709
2019 3493 2081 3553 p.
2110 3473 2191 3538 47
2225 3484 2283 3532 et
2310 3495 2437 3556 seq.
2479 3477 2633 3534 inter
2661 3477 2803 3555 jer-

621 3597 756 3645 reae
786 3579 1000 3636 aetatis
1026 3578 1334 3655 scriptores
1357 3595 1740 3654 nequaquam
1766 3573 2050 3636 barbaros
2078 3586 2186 3634 aut
2211 3578 2657 3637 contemnendos
2688 3579 2804 3638 00-

618 3681 859 3757 rippum
905 3699 1143 3761 quoque
1184 3687 1449 3735 recenset
1490 3677 1877 3738 IFNoltenius
1915 3679 1980 3736 in
2012 3679 2232 3736 Lexico
2263 3680 2525 3737 Latinae
2554 3681 2802 3758 linguae

620 3781 1005 3840 antibarbaro
1050 3781 1207 3839 edito
1249 3777 1607 3840 Helmstadii
1641 3783 1799 3846 1720
1823 3800 1885 3859 p.
1915 3783 2031 3844 971
2066 3778 2207 3837 dicit
2244 3781 2566 3860 Corippuzn
2582 3801 2800 3860 gram-

619 3888 907 3942 maticum
936 3882 1310 3964 Africanum
1354 3904 1463 3940 nec
1497 3884 1873 3944 invenustum
1902 3881 2147 3959 poe'tam
2159 3905 2186 3956 ;
2236 3885 2403 3940 IPDe
2436 3879 2690 3959 Ludwig
2729 3882 2799 3938 in

627 3988 771 4052 Vita
789 3989 1116 4048 Iustiniani
1134 3989 1231 4045 M.
1267 3996 1447 4066 atque
1487 3984 1819 4048 neodorae
1844 3983 2264 4066 Augustorum
2293 4005 2400 4044 nec
2429 4005 2550 4042 non
2586 3982 2799 4041 Dibo-

619 4092 792 4149 niani
828 4092 1016 4150 Halae
1057 4091 1287 4150 Salicae
1338 4087 1497 4148 edita
1539 4107 1594 4146 a.
1628 4092 1779 4151 1731
1832 4107 1894 4165 p.
1927 4090 2047 4151 683
2087 4097 2211 4145 not.
2249 4089 2407 4151 1182
2456 4088 2792 4146 exclamat:

617 4197 853 4256 utinam.
885 4196 1173 4275 Corippus
1201 4193 1272 4251 A
1256 4193 1544 4284 fiwanus
1573 4190 1758 4269 poe'ta
1791 4200 1934 4247 esset
1968 4191 2035 4247 in
2062 4188 2341 4268 plurium
2369 4189 2649 4248 manibus
2662 4213 2688 4263 ;
2732 4200 2796 4249 et

611 4298 789 4374 Corn.
817 4300 1014 4361 Valet.
1041 4294 1251 4360 Vonck
1277 4299 1343 4355 in
1376 4289 2016 4362 Animadversionibus
2059 4293 2181 4354 suis
2228 4289 2402 4353 editis
2444 4311 2500 4351 a.
2535 4287 2696 4357 1744
2732 4301 2794 4350 et
