3210 5200
637 398 778 473 174
1220 402 1573 471 comPPI
1623 403 1740 468 DE
1789 404 2201 472 LAUDIBUS

793 564 1183 646 plaudentem
1215 570 1506 648 Libyam,
1551 570 1757 648 fruges
1785 571 2144 653 laurumque
2175 572 2490 631 ferentem.

792 668 1025 727 addidit
1058 672 1368 749 antiquam
1396 670 1744 730 tendentem
1768 670 2014 731 brachia
2040 676 2311 748 Romam,

793 783 1031 829 exserto
1062 782 1122 830 et
1151 771 1378 830 nudam
1410 784 1746 851 gestantem
1771 785 2010 853 pectore
2037 793 2384 851 mammam,

626 875 751 936 290
791 876 1061 932 altricem
1087 875 1322 952 imperii
1355 875 1762 956 libertatisque
1789 886 2123 955 parentem.

791 974 941 1034 haec
968 975 1105 1036 ideo
1131 977 1259 1033 fieri
1286 978 1469 1034 vivax
1492 978 1800 1057 Sapientia
1823 981 2015 1054 iussit,

790 1090 1064 1138 ornatum
1091 1091 1156 1137 ut
1179 1081 1433 1159 propriis
1462 1082 1645 1140 funus
1677 1082 1878 1160 regale
1910 1078 2232 1159 triumphis

789 1185 1125 1261 Augustum
1152 1185 1217 1240 in
1241 1184 1544 1241 tumulum
1571 1185 1771 1243 fatalis
1806 1182 2047 1241 duceret
2072 1181 2243 1241 hora.

871 1287 1032 1343 Dum
1060 1286 1272 1344 famuli
1299 1288 1398 1365 pia
1430 1288 1590 1344 iussa
1618 1296 1829 1364 parant
1856 1296 2178 1366 aptantque
2207 1286 2509 1358 feretrum,

619 1385 746 1453 295
786 1407 909 1447 vox
937 1390 1149 1467 ingens
1180 1389 1336 1446 facta
1363 1399 1487 1463 est,
1533 1389 1781 1467 plausus
1815 1398 1876 1446 et
1902 1386 2122 1467 gaudia
2152 1396 2420 1464 surgunt,

787 1500 848 1547 et
875 1490 1075 1569 fragor
1098 1510 1179 1549 ex
1206 1492 1343 1549 imis
1370 1492 1560 1549 altum
1586 1493 1738 1570 petit
1766 1488 2006 1549 aethera
2033 1491 2225 1565 terris,

787 1592 1067 1672 ahnaque
1097 1592 1348 1652 discreto
1371 1594 1596 1671 placuit
1626 1592 1942 1652 concordia
1968 1593 2172 1670 vulgo.

785 1694 944 1751 laeta
973 1715 1082 1774 per
1102 1698 1436 1773 Augustam
1469 1698 1682 1774 pennis
1706 1694 2129 1773 plaudentibus
2162 1693 2372 1751 urbem

782 1795 946 1853 fama
972 1798 1181 1856 volans
1208 1815 1488 1856 somnum
1511 1797 1769 1875 populos
1794 1797 2042 1873 inopina
2072 1803 2421 1871 gravantem

618 1902 747 1965 300
787 1900 1051 1978 increpat
1071 1942 1087 1973 ‚
1132 1900 1507 1978 impellitque
1538 1897 1724 1971 fores,
1769 1906 1829 1953 et
1851 1897 2063 1959 limina
2090 1896 2306 1974 pulsat,

783 2001 1260 2081 multiplicatque
1286 2019 1425 2058 suas
1456 2001 1614 2058 felix
1639 2000 1990 2077 praenuntia
2021 1998 2280 2074 linguas.

780 2122 1025 2162 somnus
1054 2121 1125 2160 ea
1150 2105 1425 2160 veniente
1453 2102 1642 2180 fugit,
1685 2119 2008 2189 secumque
2035 2097 2348 2157 cadentem

779 2207 961 2263 traxit
989 2206 1340 2283 segnitiem,
1383 2214 1629 2284 totaque
1654 2196 1913 2261 excessit
1942 2202 2015 2259 ab
2033 2201 2216 2259 urbe.

777 2308 1052 2364 imminet
1082 2307 1188 2364 illa
1221 2307 1466 2382 favens,
1510 2316 1570 2364 et
1599 2306 1803 2364 crebro
1832 2305 2050 2384 pollice
2083 2304 2290 2382 pulsat

606 2409 731 2474 305
775 2408 1077 2468 tardantes
1104 2410 1394 2488 populos,
1437 2418 1499 2465 et
1517 2400 1785 2486 “surgite
1811 2399 2080 2485 surgite¹'
2107 2407 2343 2481 clamat,

774 2513 1144 2592 castigatque
1173 2531 1371 2571 moras
1388 2555 1405 2586 ,
1455 2521 1515 2569 et
1542 2512 1721 2589 plena
1749 2511 1972 2590 palatia
1996 2520 2199 2567 narrat

774 2625 1070 2673 conventu
1099 2635 1447 2695 procerum,
1492 2618 1640 2674 sorti
1667 2616 1915 2673 senioris
1944 2611 2209 2692 adempti

775 2715 1075 2776 delectum
1100 2737 1326 2775 numen
1352 2726 1647 2775 struerent
1674 2736 1793 2796 quo
1816 2726 1989 2774 nocte
2013 2723 2274 2794 peracta.

772 2830 943 2897 urget
960 2864 976 2893 ,
1024 2822 1178 2897 agit,
1221 2820 1521 2894 stimulat,
1565 2819 1766 2897 pulsat
1793 2819 1981 2891 latus,
2025 2818 2347 2895 imprimit,
2389 2817 2590 2875 instat.

602 2923 728 2985 310
768 2921 1129 2995 accelerant,
1175 2931 1548 2999 vacuantque
1581 2916 1823 2992 domos,
1866 2921 2150 2997 vicosque
2175 2938 2286 2996 per
2312 2937 2519 2977 omnes

766 3020 1093 3100 gaudentes
1126 3033 1367 3081 currunt
1386 3067 1402 3097 ,
1448 3030 1508 3079 et
1534 3038 1840 3077 murmura
1872 3022 2065 3097 prima
2095 3029 2414 3078 moventur

770 3122 1041 3182 nondum
1070 3125 1227 3182 clara
1256 3135 1452 3198 metu3
1483 3126 1811 3203 civemque
1840 3124 2165 3200 intermgat
2191 3140 2434 3179 omnem

767 3246 1081 3284 occurrens
1115 3229 1295 3301 civis,
1342 3245 1663 3306 rumorque
1694 3246 1805 3305 per
1834 3226 2075 3304 agmina
2108 3226 2315 3303 serpit.

851 3330 1012 3389 Solis
1039 3326 1267 3387 honore
1300 3333 1441 3388 novi
1469 3331 1625 3409 grati
1647 3330 1983 3407 spectacula
2010 3328 2150 3385 circi

599 3430 726 3500 315
767 3434 1000 3513 antiqui
1030 3451 1285 3490 sanxere
1308 3444 1508 3511 patres
1526 3477 1542 3508 ‚
1587 3435 1694 3513 qui
1722 3442 2000 3513 quattuor
2032 3448 2162 3488 esse

768 3536 911 3594 solis
940 3555 1124 3617 equos
1160 3534 1422 3615 quadam
1451 3555 1651 3594 rerum
1678 3537 1907 3593 ratione
1936 3531 2244 3611 putabant,

763 3648 1035 3717 tempora
1069 3640 1335 3697 continui
1365 3641 1670 3717 signantes
1699 3648 1977 3718 quattuor
2010 3636 2171 3707 anni,

761 3742 827 3798 in
858 3760 1111 3821 quorum
1134 3743 1396 3819 speciem
1430 3743 1618 3820 signis
1640 3742 2025 3818 numerisque
2054 3734 2370 3818 modisque

763 3846 1001 3921 aurigas
1028 3842 1311 3919 totidem,
1355 3843 1608 3903 totidem
1630 3862 1882 3921 posuere
1911 3841 2167 3899 colores:

589 3948 716 4011 820
757 3965 899 4003 nam
929 3944 1136 4005 viridis
1168 3948 1369 4021 verni,
1416 3966 1660 4025 campus
1688 3965 1798 4002 ceu
1824 3945 2101 4002 concolor
2128 3939 2351 4018 herbis,

757 4051 1000 4128 pinguis
1031 4050 1189 4106 olIva
1220 4051 1404 4106 comis
1422 4092 1438 4122 ,
1482 4049 1637 4106 luxu
1659 4067 1872 4106 nemus
1899 4067 2075 4105 omne
2098 4048 2367 4120 virescit3

758 4171 995 4210 russeus
1027 4152 1299 4225 aestatis,
1344 4151 1520 4208 rubra
1553 4153 1640 4208 sic
1674 4161 1837 4208 veste
1867 4151 2169 4227 refulgens

756 4265 823 4312 ut
850 4253 1136 4312 nonnulla
1164 4254 1379 4311 rubent
1406 4250 1639 4311 ardenti
1668 4272 1846 4331 poma
1875 4253 2104 4324 colore3
2199 4273 2202 4276 “

758 4357 1028 4413 autumni
1056 4366 1343 4433 venetus,
1387 4355 1690 4435 ferrugine
1725 4353 1892 4414 dives
1924 4364 1982 4412 et
2014 4364 2193 4429 ostro,
