3210 5200
978 419 1517 517 mmmm·
1554 449 1717 518 Lm.
1764 451 1820 519 1.
2389 449 2486 526 43

468 620 803 696 praestant,
849 621 954 671 aut
978 613 1082 671 ubi
1106 616 1315 692 glauca
1335 615 1558 677 nemus
1582 614 1869 676 distendit
1893 617 2072 694 oliva,

301 718 427 785 535
468 717 695 776 arboris
728 725 835 773 aut
859 716 1016 774 altae
1040 715 1325 776 frondoso
1350 720 1571 779 vertice
1599 720 1779 778 robur

470 820 652 877 efficit
678 819 924 876 ocmiltis
953 820 1108 878 acies
1122 818 1437 880 subsidere
1465 823 1715 901 campis.
1770 851 1776 866 ·

468 920 775 980 fraudibus
804 918 900 979 liis
926 931 1118 978 certat
1141 923 1515 981 committere
1538 922 1767 1002 proelia
1797 924 2059 997 Maurus,

468 1036 537 1083 ut
558 1026 716 1083 celer
736 1026 1043 1081 incautum
1060 1024 1303 1084 subiens
1330 1035 1625 1084 exterreat
1647 1019 1885 1083 hostem

470 1128 937 1207 ambiguumque
960 1136 1222 1204 premat,
1274 1127 1469 1186 fretus
1488 1147 1861 1208 numeroque
1891 1128 2141 1207 locoque

304 1228 430 1298 540
470 1241 530 1289 et
557 1228 795 1288 domitis
827 1228 1078 1286 confisus
1103 1230 1293 1309 equis.
1375 1240 1519 1287 tunc
1540 1230 1792 1309 belliger
1813 1240 1945 1288 astu

471 1332 724 1390 mittitur
745 1332 807 1388 in
834 1330 1046 1410 planos
1071 1348 1234 1388 rarus
1259 1330 1364 1411 qui
1388 1332 1613 1409 proelia
1638 1349 1880 1411 campos

474 1444 749 1513 provocet
774 1443 835 1491 et
859 1435 1018 1491 visos
1046 1433 1283 1510 fugiens
1309 1444 1632 1512 exaggeret
1658 1433 1881 1493 hostes.

470 1537 575 1593 ille
600 1536 721 1594 levi
743 1554 918 1593 cursu
945 1535 1210 1614 praefixo
1238 1532 1475 1593 hastilia
1501 1537 1658 1598 ferro

470 1639 693 1712 vibrat,
739 1650 797 1696 et
823 1639 1067 1696 incurvo
1098 1656 1211 1695 nec
1237 1648 1427 1697 cessat
1451 1640 1684 1697 flectere
1713 1657 1860 1718 gyro

306 1740 428 1808 545
472 1738 852 1820 cornipedem
886 1737 1211 1799 dominun:
1256 1738 1364 1800 sed
1394 1761 1533 1798 cum
1561 1742 1963 1820 properaverit
1991 1738 2199 1821 hostiS,

471 1853 596 1903 arte
623 1846 778 1923 fugit
793 1887 813 1919 ‚
856 1851 1131 1920 comptas·
1144 1853 1214 1900 ut
1237 1854 1476 1924 spargat
1500 1841 1752 1902 callidus
1776 1845 1920 1918 alas,

472 1945 617 2006 dmn
646 1948 913 2027 sequitur
937 1963 1254 2004 numerosa
1278 1964 1493 2003 manus
1520 1947 1855 2026 victrixque
1889 1955 2129 2027 putatur
2159 1933 2165 1950 ¹

472 2071 602 2110 esse
630 2052 774 2125 sibi,
820 2058 881 2107 et
902 2058 1058 2107 totos
1085 2067 1303 2126 agmen
1331 2046 1612 2106 diffundit
1638 2049 1703 2106 in
1728 2068 1924 2128 agros.

470 2152 565 2212 his
596 2155 721 2231 agit
748 2153 810 2209 in
833 2150 1008 2208 bellis
1032 2150 1263 2227 fingens
1292 2152 1614 2208 certamina
1635 2154 1851 2210 Mazax

310 2255 433 2322 550
474 2253 736 2330 insidiis,
780 2251 970 2312 donec
994 2250 1225 2312 medios
1250 2251 1535 2333 perducat
1557 2256 1623 2312 in
1648 2252 1852 2315 hostes

470 2357 689 2417 hostile
717 2356 971 2415 obsessis
997 2356 1378 2415 conclausum
1400 2357 1657 2416 vallibus
1681 2377 1925 2437 agmen.

472 2469 614 2517 tunc
650 2457 824 2518 dolus
850 2457 955 2517 ille
980 2469 1189 2537 patens
1217 2478 1424 2518 saevas
1455 2457 1709 2517 effundit
1732 2459 2020 2538 habenas,
2091 2447 2098 2456 ⁹

472 2561 923 2643 Absconsasque
951 2563 1065 2620 ciet
1087 2571 1212 2620 tota
1245 2560 1319 2620 de
1347 2572 1514 2641 parte
1541 2572 1828 2623 catervas.

475 2685 657 2747 quem
686 2677 880 2724 metus
913 2684 1049 2723 acer
1076 2665 1230 2743 agit,
1274 2666 1467 2743 primo
1498 2666 1656 2742 fugit
1683 2668 1787 2723 ille
1815 2660 2098 2724 tumultu.

307 2767 432 2835 555
470 2765 632 2827 hunc
656 2769 873 2848 premit
900 2766 1090 2825 elatus
1119 2785 1297 2825 saevo
1328 2766 1436 2825 sub
1469 2768 1715 2848 vulnere
1750 2772 2014 2844 Maurus,

473 2890 655 2952 quem
678 2868 1052 2950 impavidum
1075 2871 1257 2928 timor
1280 2871 1409 2949 ipse
1436 2870 1601 2930 facit.
1689 2873 1780 2931 sin
1811 2872 2018 2930 robore
2048 2870 2216 2928 firmo

472 2975 836 3033 constiterint
861 2984 1003 3032 tunc
1029 2973 1182 3031 forte
1207 2973 1348 3048 viri,
1391 2992 1514 3031 non
1540 2975 1666 3033 ulla
1695 2986 1978 3056 sequetur

472 3074 759 3135 audentes
784 3076 1052 3155 pugnare
1076 3095 1287 3134 manus
1308 3120 1324 3151 ‚
1369 3073 1476 3134 sed
1512 3068 1665 3135 colla
1698 3070 2006 3136 reflectunt

470 3180 677 3238 mollia
708 3176 1159 3261 quadrupedum
1188 3178 1364 3237 versi.
1451 3180 1537 3237 sic
1565 3179 1724 3237 bella
1754 3180 2118 3261 relinquunt,

303 3281 432 3347 560
472 3284 558 3342 sic
584 3283 740 3340 acies
762 3282 1016 3360 fugitiva
1050 3279 1207 3339 cadit
1223 3324 1239 3355 ‚
1282 3282 1367 3339 sic
1394 3280 1563 3339 firma
1593 3283 1833 3341 resistit.

469 3402 613 3441 nam
635 3382 874 3443 timidos
898 3385 1133 3442 fortuna
1162 3394 1423 3462 premet,
1471 3395 1792 3465 cautosque
1820 3385 2049 3444 iuvabit

475 3483 846 3570 audacesque
873 3486 1085 3546 simul:
1126 3487 1349 3545 multos
1379 3506 1523 3545 nam
1552 3506 1729 3571 saepe
1758 3489 1981 3562 revisit,

478 3599 538 3645 et
562 3592 767 3668 quanti
795 3609 875 3648 ex
901 3590 1048 3668 ipsIs
1075 3589 1341 3669 palmam
1366 3610 1673 3669 sumpsere
1700 3587 1972 3670 periclis!

475 3699 543 3745 ut
572 3687 739 3748 decet
769 3710 897 3749 esse
929 3689 1108 3748 duces
1127 3736 1143 3765 ‚
1196 3694 1351 3749 cauti
1376 3693 1679 3773 fortesque
1706 3703 2018 3772 trucesque

307 3789 433 3857 565
472 3791 715 3870 pandite
750 3796 1002 3874 quisque
1036 3813 1172 3851 suas
1199 3794 1347 3851 belli
1374 3795 1435 3851 in
1464 3792 1803 3852 discrimine
1829 3796 2009 3853 vires.

474 3896 552 3952 sit
580 3895 750 3954 labor
771 3896 875 3953 ille
897 3897 1131 3954 anilnis.
1218 3898 1389 3954 acies'
1409 3900 1745 3977 componite
1776 3897 2008 3977 turmIs,

475 4008 803 4078 cunctaque
831 3996 1132 4078 dispositis
1160 3982 1439 4058 incedant
1466 4002 1637 4079 signa
1663 4002 1963 4081 maniplis-

308 4196 413 4251 535
446 4197 561 4251 alde
588 4198 639 4251 Τ
790 4201 893 4255 537
923 4200 974 4253 id
1005 4205 1172 4252 certat
1197 4203 1270 4268 Τ,
1306 4196 1536 4270 inceptat.
1563 4202 1627 4255 M
1780 4198 1883 4255 538
1916 4197 2123 4253 subiens
2146 4200 2402 4251 exterreat
2422 4199 2491 4262 L,

308 4266 534 4319 subitam
572 4274 831 4322 exterreat
869 4272 938 4338 Τ,
974 4269 1140 4322 subito
1172 4279 1459 4341 perterreat
1486 4272 1563 4324 Μ.
1634 4289 1707 4324 an
1741 4272 2038 4324 subeuntem
2072 4268 2368 4321 exterreat?
2418 4267 2491 4320 cf.
2568 4324 2572 4331 ,

307 4337 344 4386 4
376 4336 495 4391 604.
690 4339 790 4394 551
827 4356 937 4392 cum
964 4340 1187 4392 clausum
1216 4341 1267 4391 Τ
1442 4339 1545 4395 556
1577 4340 1812 4411 pavidum
1837 4340 1952 4393 ΜΤ
2119 4339 2226 4391 560
2251 4342 2418 4389 restet
2447 4337 2500 4389 Τ

307 4404 412 4456 564
442 4410 621 4459 cautos
643 4404 706 4458 M
905 4409 1008 4462 566
1040 4409 1198 4462 lanor
1225 4411 1285 4461 Τ.
