3210 5200
662 401 873 450 xxvm
1407 385 2084 452 MAZZUCCHELLII

662 551 817 608 festo
857 560 1021 628 patet
1056 569 1182 607 non
1219 549 1537 609 alias.esse
1568 570 1751 631 quam
1772 554 1932 631 ipsas
1957 550 2310 612 Petrarohae
2333 554 2596 633 Eclogas
2606 597 2634 625 ,
2677 552 2837 636 quod

665 650 909 709 evidens
941 662 1030 709 est
1055 653 1155 708 vel
1183 671 1262 709 ex
1291 653 1419 709 solo
1448 655 1645 731 primo
1671 673 1850 713 versu
1875 655 2134 731 Eologae
2161 658 2423 733 primae:

912 755 1191 823 Monice,
1234 754 1560 831 tranquillo
1572 798 1600 827 ,
1643 756 1807 812 eolus·
1837 754 1950 812 aba·
1974 756 2245 813 conditas
2266 769 2458 815 antro.

656 856 723 912 iu
766 865 1065 933 postrema
1100 866 1302 913 autem
1343 853 1563 914 codicis
1594 858 1814 934 pagiua
1847 868 1987 915 sunt
2014 860 2096 920 36
2126 860 2355 934 priores
2387 881 2590 919 versus
2626 858 2763 918 libri
2798 864 2827 922 1

655 961 947 1037 poematis
977 960 1163 1037 ipsius
1190 954 1543 1015 Petrarchae
1560 1002 1578 1033 ‚
1625 956 1786 1037 quod
1815 959 2042 1037 Asi-ica
2066 960 2426 1020 inscribitur.

821 1060 946 1120 Sed
997 1070 1317 1140 antequam
1365 1056 1711 1137 progrediar
1763 1058 1841 1118 ad
1895 1059 2257 1118 recensenda
2300 1073 2494 1120 cetera
2536 1062 2834 1141 poematia

652 1161 827 1220 istius
866 1160 943 1219 de
979 1164 1163 1220 Bonis
1178 1207 1195 1236 ,
1240 1160 1679 1220 observandum
1711 1173 1800 1221 est
1843 1159 1985 1223 huic
2024 1170 2237 1242 poetae
2277 1175 2509 1243 praeter
2546 1163 2835 1220 Iohannis

649 1281 902 1338 nomen,
959 1284 1077 1344 quo
1114 1284 1234 1323 uno
1271 1284 1412 1321 eum
1454 1265 1758 1342 appellant
1796 1263 2087 1336 Quadi-ius
2128 1268 2350 1346 aliique
2382 1264 2707 1339 Quadrium
2731 1285 2831 1322 se-

650 1369 773 1424 cuti
794 1410 811 1440 ,
856 1365 1023 1423 aliud
1064 1367 1310 1444 insuper
1346 1366 1531 1423 fuisse
1579 1384 1835 1440 nomen,
1883 1371 2059 1426 unica
2100 1371 2298 1427 littera
2335 1370 2396 1425 L
2430 1367 2830 1445 designatum.

646 1468 861 1524 Utrum
913 1487 1053 1525 vero
1094 1468 1356 1524 Leonem
1400 1467 1500 1525 vel
1538 1467 1929 1525 Leonas-dum
1971 1490 2049 1526 an
2084 1471 2465 1529 Ludovicum
2500 1468 2721 1526 indicet
2755 1470 2827 1541 L,

646 1567 845 1626 adhuc
873 1567 1027 1626 mihi
1055 1578 1146 1626 est
1172 1570 1642 1644 incompemun,
1680 1588 1819 1626 cum
1852 1589 2155 1652 nusquam
2183 1574 2514 1630 invenerim
2535 1569 2690 1628 illud
2713 1589 2827 1626 no-

646 1691 789 1729 men
829 1672 1114 1748 scriptum
1131 1712 1148 1742 ,
1191 1666 1300 1727 sed
1332 1669 1556 1747 ubique
1581 1680 1813 1727 tantum
1833 1674 2011 1728 unica
2033 1674 2142 1729 issa
2168 1675 2367 1731 littera
2393 1681 2825 1752 praenotatum,

642 1791 997 1852 semperque
1052 1781 1189 1849 post
1240 1769 1530 1827 Iohanni-5
1576 1789 1801 1828 nomen
1839 1772 1941 1829 vel
1976 1773 2208 1850 integre
2248 1776 2348 1832 vel
2389 1772 2826 1852 compendiaria

643 1877 931 1952 scriptum
961 1873 1343 1952 subsequitur
1369 1870 1521 1929 illud
1548 1873 1636 1943 L,
1688 1870 1852 1952 quod
1875 1875 2077 1932 nescio
2106 1893 2224 1953 qua
2255 1873 2330 1931 de
2363 1894 2538 1932 causa
2569 1873 2635 1931 id
2665 1878 2827 1945 Qua-

642 1973 807 2033 drius
845 1977 1235 2054 praeterierit.
1320 1984 1583 2030 attamen
1624 1974 2005 2032 Ludovicum
2040 1976 2226 2033 fuisse
2254 1978 2382 2034 eius
2407 1995 2630 2034 nomen
2657 1985 2824 2053 putu,

638 2088 844 2157 utpote
872 2075 1038 2157 quod
1061 2077 1319 2137 crebrius
1348 2076 1455 2132 illo
1480 2076 1717 2134 saeculo
1746 2088 2096 2155 usurpatum
2125 2090 2410 2136 occurrat.

802 2182 926 2237 Nec
963 2177 1081 2236 duo
1111 2189 1345 2236 tantum
1378 2175 1614 2235 codices
1647 2180 1844 2235 musei
1879 2180 2165 2237 Trivultii
2180 2224 2197 2254 ,
2233 2178 2342 2238 sed
2369 2189 2648 2259 quattuor
2675 2198 2823 2236 con-

631 2280 827 2339 tinent
860 2283 1122 2339 carmina
1151 2277 1284 2339 loh.
1311 2282 1385 2337 L.
1419 2278 1495 2338 de
1520 2282 1734 2354 Bonis,
1782 2283 2012 2356 omnia,
2055 2283 2110 2339 si
2148 2284 2380 2360 superis
2420 2282 2653 2360 placet,
2695 2291 2820 2337 tam
2848 2322 2859 2331 .

626 2383 906 2462 imperite
922 2428 939 2459 ,
983 2394 1111 2441 tam
1149 2382 1399 2440 barbare
1415 2425 1435 2456 ,
1478 2382 1607 2438 siVe
1651 2400 1803 2462 quae
1843 2384 2057 2441 Latine
2093 2386 2221 2442 sive
2253 2404 2407 2464 quae
2435 2385 2640 2443 ltalice
2668 2384 2819 2440 scri-

624 2487 778 2563 psit,
817 2488 1144 2565 composita
1163 2528 1179 2559 ‚
1229 2495 1298 2543 ut
1333 2485 1566 2543 nemini
1592 2486 1815 2542 mirum
1841 2496 2156 2564 propterea
2182 2485 2373 2545 videri
2409 2483 2623 2542 debeat
2655 2482 2819 2563 quod

623 2586 752 2647 tam
787 2590 950 2647 male
992 2589 1376 2667 exscripserit
1400 2591 1590 2648 etiam
1618 2588 1862 2667 Corippi
1888 2594 2130 2667 poema.
2214 2589 2381 2646 lubet
2407 2599 2612 2646 tamen
2636 2589 2818 2644 etiam

622 2686 700 2747 de
732 2691 981 2770 reliquis
1007 2692 1197 2748 tribus
1224 2689 1528 2749 codicibus
1570 2689 1749 2768 (omn
1784 2692 1931 2748 satis
1967 2693 2091 2748 iam
2123 2689 2503 2767 descripsisse
2537 2686 2690 2746 mihi
2718 2691 2816 2744 vi·-

623 2787 771 2848 dear
794 2792 1055 2868 priorem
1080 2793 1257 2848 illum
1283 2793 1349 2848 in
1374 2809 1493 2869 quo
1519 2800 1610 2847 est
1635 2791 1826 2846 nostri
1855 2791 2099 2866 Corippi
2122 2787 2380 2865 poema)
2409 2788 2630 2846 addere
2656 2809 2815 2849 nou-

621 2891 824 2965 nulla,
866 2901 934 2949 ut
969 2893 1166 2968 magis
1204 2911 1275 2948 ac
1314 2891 1510 2966 magis
1549 2897 1833 2967 appareat
1870 2887 2159 2966 quidnam
2198 2886 2461 2946 hominis
2494 2889 2708 2970 fuerit,
2753 2902 2820 2948 et

624 3011 749 3072 qua
790 3002 983 3052 aetate
1002 3035 1020 3066 ‚
1064 3011 1185 3072 quo
1223 2993 1357 3050 loco
1386 2991 1609 3049 vixerit
1642 2994 1822 3067 poeta
1851 2985 1953 3044 bic
1980 3009 2062 3048 ex
2087 2992 2292 3049 Aretio
2309 3035 2326 3065 ,
2369 2993 2536 3048 ouius
2552 3034 2569 3066 ,
2610 3001 2680 3051 ut
2715 2991 2814 3048 vi-

625 3091 827 3152 dimus
846 3137 864 3169 ‚
912 3105 1003 3151 tot
1038 3096 1229 3152 nostri
1271 3093 1584 3171 scriptores
1625 3093 2059 3166 meminerunt,
2102 3111 2340 3173 unaque
2371 3103 2601 3152 constet
2627 3111 2812 3173 quam

622 3213 940 3276 perperam
974 3197 1153 3254 illum
1193 3193 1370 3254 huius
1413 3193 1629 3252 inediti
1653 3195 1946 3273 poematis
1974 3195 2223 3252 fecerint
2255 3205 2590 3270 auctorem,
2619 3196 2808 3256 tonius

625 3310 861 3358 tantum
902 3300 1017 3357 fuit
1059 3301 1421 3377 exscriptor,
1468 3307 1528 3356 et
1558 3293 1724 3377 quod
1756 3297 1952 3374 magis
1995 3294 2190 3372 dolet,
2232 3300 2565 3375 exscriptor
2591 3296 2642 3353 si
2669 3297 2806 3375 quis

614 3403 775 3461 nlius
801 3402 1303 3480 imfmritissimus.
1375 3400 1449 3458 ab
1478 3401 1586 3459 illo
1616 3400 1901 3478 incipiam
1926 3397 2128 3458 codice
2154 3419 2335 3480 quem
2363 3397 2654 3471 Quadrius
2675 3405 2803 3455 tra-

616 3505 830 3578 ctavit,
873 3501 1146 3585 dixitque
1176 3523 1307 3562 esse
1330 3502 1852 3561 membranaceum
1876 3503 1943 3560 in
1973 3513 2181 3582 quarto
2196 3545 2213 3575 ,
2252 3513 2317 3559 ut
2346 3503 2512 3560 aiunt
2528 3543 2545 3575 ,
2586 3515 2803 3577 quem-

613 3624 734 3685 que
778 3626 890 3685 ego
932 3609 997 3664 in
1038 3602 1379 3664 adornando
1417 3605 1586 3663 brevi
1624 3601 1889 3663 indiculo
1925 3623 2051 3663 mss
2081 3602 2356 3664 codicum
2386 3603 2802 3661 Trivultiano-

609 3727 776 3783 rum,
819 3728 1075 3789 quorum
1107 3726 1392 3765 numerus
1433 3707 1623 3765 ferme
1652 3704 1732 3764 ad
1757 3710 1924 3771 2000
1954 3704 2256 3779 ascendit,
2301 3707 2537 3784 signavi
2566 3707 2621 3761 A
2651 3705 2801 3766 278.

606 3807 661 3867 is
704 3812 969 3868 continet
1004 3810 1191 3888 priori
1230 3810 1296 3866 in
1336 3809 1470 3867 loco
1519 3809 1759 3887 eclogas
1809 3819 1964 3881 tres,
2026 3826 2280 3887 quarum
2326 3808 2524 3884 prima
2578 3801 2799 3861 dicitur

602 3908 830 3972 Ἰαηιια.
919 3930 1127 3971 versus
1160 3920 1360 3969 autem
1392 3913 1513 3974 100
1541 3910 1772 3968 ibidem
1801 3921 1892 3968 est
1914 3905 2296 3967 huiusmodi:

856 4011 1168 4071 Antonius
1198 4011 1583 4071 Ianuaedux
1615 4011 1859 4072 anelitus
1885 4008 2050 4068 urbis
2077 4009 2394 4069 Adamas-⁹¹.

605 4133 744 4174 cum
782 4132 924 4174 vero
963 4112 1064 4172 hic
1104 4114 1237 4173 dux
1274 4114 1657 4172 Ianuensium
1698 4113 1878 4170 fuerit
1907 4114 2170 4191 primum
2197 4132 2252 4168 a.
2291 4112 2485 4185 1383,
2531 4120 2590 4168 et
2621 4119 2793 4188 post-

606 4215 851 4274 modum
887 4216 1078 4275 tribus
1114 4218 1251 4274 aliis
1282 4217 1510 4274 vicibus
1546 4225 1785 4273 evectus
1817 4214 1898 4272 ad
1924 4212 2177 4277 eandem
2210 4232 2551 4291 supremam
2586 4212 2792 4291 digui-

584 4325 792 4376 tatem
842 4318 1068 4398 patriae
1104 4336 1275 4381 suae.
1293 4335 1484 4398 usque
1516 4315 1597 4377 ad
1635 4335 1858 4377 annum
1902 4319 2089 4394 1396,
2121 4318 2285 4382 ,iutra
2318 4314 2473 4379 illud
2501 4317 2788 4396 temporis
