3210 5200
612 327 712 400 86
1534 325 1869 393 CORIPPI

778 494 1079 575 loricaque
1109 493 1340 551 micans
1372 503 1431 550 et
1461 493 1643 571 longa
1671 489 1977 572 pulchrior
2000 487 2171 549 hasta

781 595 999 656 arduus
1029 596 1153 653 ibat
1183 587 1369 675 equo,
1413 597 1725 675 sociosque
1752 614 1834 653 ex
1859 614 2025 652 more
2048 592 2326 651 monebat

779 719 925 756 voce
952 718 1091 756 suos
1107 742 1124 771 ,
1168 717 1452 775 superans
1482 700 1767 777 quoniam
1789 699 2079 775 sapientia
2106 696 2247 754 forti

782 810 1016 879 pectore
1045 818 1282 878 semper
1305 810 1453 857 erat.
1538 799 1692 856 felix
1709 843 1726 872 ,
1771 801 1822 857 si
1846 799 1969 858 sata
1999 796 2302 857 dedissent

617 896 741 963 485
779 901 1103 978 longaevos
1131 905 1195 959 iu
1224 903 1358 959 luce
1383 899 1510 959 dies
1527 944 1543 974 ,
1585 911 1853 958 maturus
1877 909 1945 957 ut
1969 900 2098 974 ille,

783 1021 931 1060 cana
965 1013 1155 1061 aetate
1186 1003 1340 1061 foret
1374 1013 1666 1084 quantum
1698 1003 2016 1076 maturior,
2061 998 2250 1060 esset!

867 1106 1109 1165 Tertius
1131 1107 1236 1163 ille
1262 1106 1466 1164 furens
1493 1114 1661 1183 rapta
1689 1106 2006 1182 Gregorius
2030 1101 2204 1162 hasta

785 1216 963 1288 atque
988 1208 1109 1266 levi
1140 1210 1328 1287 clipeo
1357 1209 1476 1265 telo
1502 1207 1772 1285 fulgebat
1797 1208 1989 1267 Ibero.

785 1308 1077 1368 Geisirich
1103 1308 1264 1368 huuc
1291 1312 1461 1368 iuxta
1486 1327 1766 1367 numeros
1801 1318 1859 1366 et
1886 1310 2058 1387 signa
2083 1307 2382 1383 movebat,

618 1406 744 1474 490
784 1423 922 1470 ante
955 1412 1164 1471 tubam
1195 1413 1437 1489 cupiens
1467 1409 1748 1470 adversas
1775 1430 2048 1489 rumpere
2082 1411 2294 1484 fossaS,

789 1516 1057 1572 conscius
1086 1517 1215 1591 ipse
1246 1515 1359 1571 sui.
1446 1518 1672 1572 cunctis
1695 1515 2065 1592 fulgentibus
2090 1513 2271 1570 armis

787 1614 971 1672 ardua
999 1616 1119 1672 tela
1148 1618 1320 1692 gerit.
1403 1615 1622 1672 ferrato
1655 1633 1896 1693 corpore
1918 1625 2043 1672 toto

786 1719 916 1794 ipse
945 1720 1128 1773 nitet:
1174 1735 1454 1796 squamas
1481 1717 1734 1776 maculis
1760 1715 2076 1793 distinguit
2097 1715 2164 1771 in
2188 1732 2358 1773 auro.

787 1836 966 1875 aurea
1002 1818 1181 1875 cassis
1209 1820 1396 1891 inest,
1440 1821 1752 1877 commisto
1777 1821 2054 1876 flammea
2080 1818 2259 1876 ferro.

618 1915 742 1982 495
782 1916 925 1977 inde
955 1922 1186 1997 apicem
1215 1921 1537 1999 cristasque
1565 1921 1707 1979 iuba
1733 1924 2039 2000 componit
2063 1923 2302 2000 equina,

787 2021 1021 2098 cingula
1047 2023 1413 2100 gemmiferis
1441 2022 1678 2100 stringit
1700 2023 1993 2101 fulgentia
2012 2024 2219 2081 bullis.

788 2124 1016 2200 vagina
1044 2123 1278 2202 gladius
1303 2126 1458 2183 latus
1485 2137 1802 2183 exornarat
1824 2126 2071 2184 eburna.

787 2232 929 2282 tunc
952 2229 1104 2286 suris
1130 2247 1360 2302 ocreas,
1400 2230 1592 2285 multo
1617 2248 1767 2309 quas
1792 2231 2069 2287 vinxerat
2096 2216 2240 2283 auro

785 2327 1064 2388 Parthica
1092 2331 1300 2408 pellis,
1344 2327 1554 2406 habet,
1603 2333 1897 2413 rubroque
1925 2327 2180 2388 includit
2203 2329 2269 2384 in
2296 2336 2472 2402 ostro,

619 2422 746 2489 500
770 2425 1118 2509 ¹depingens
1145 2435 1399 2510 gemmis
1428 2443 1487 2491 et
1515 2432 1708 2490 multa
1738 2427 1988 2505 callidus
2009 2441 2158 2489 arte.

788 2537 990 2591 omnia
1019 2538 1188 2613 signa
1218 2536 1486 2615 placent,
1530 2537 1864 2617 meliorque
1890 2543 1948 2591 et
1973 2535 2244 2591 maxima
2271 2533 2479 2591 virtus.

871 2635 1019 2694 Inde
1042 2657 1153 2716 per
1177 2649 1455 2697 extensos
1489 2658 1848 2716 componens
1874 2640 2117 2715 agmina
2143 2657 2406 2717 campos,

786 2740 1052 2796 consiliis
1082 2741 1330 2815 melior,
1375 2741 1543 2798 sortis
1571 2743 1891 2798 Marturius
1916 2740 2045 2797 ibat

738 2850 742 2855 ⁴
789 2847 970 2917 atque
993 2841 1309 2896 tribunicia
1335 2844 1527 2895 socius
1554 2845 1774 2895 virtute
1803 2842 2066 2916 regebat.

620 2934 746 3002 505
789 2940 1237 3019 Martianusque
1260 2950 1474 3019 potens
1502 2938 1718 2998 densos
1746 2941 2040 3019 perfertur
2064 2940 2130 2996 in
2158 2936 2382 3019 hosteS,

787 3042 1074 3100 mistums
1099 3044 1341 3120 proprio
1370 3044 1616 3100 Barcaei
1640 3044 1948 3120 sanguinis
1978 3060 2239 3123 amnem.

785 3161 901 3200 nec
932 3163 1057 3203 non
1085 3147 1359 3225 egregius
1388 3145 1545 3202 clara
1573 3141 1647 3202 de
1674 3147 1856 3223 stirpe
1882 3145 2136 3204 Senator

789 3245 981 3303 fertur
1005 3267 1190 3328 equo,
1240 3250 1612 3327 comptisque
1644 3250 1795 3305 nitet
1822 3247 2054 3309 felicior
2083 3248 2289 3307 armis.

869 3350 995 3406 Hos
1023 3353 1292 3430 sequitur
1316 3348 1501 3424 fidus,
1548 3347 1735 3408 densa
1757 3352 2012 3429 stipante
2041 3360 2299 3425 caterva,

621 3442 746 3510 510
787 3449 1006 3509 Casina
1032 3454 1311 3533 Massylis
1345 3451 1644 3511 deducens
1669 3455 1912 3532 agmina
1940 3456 2149 3533 signis.

785 3552 894 3611 ille
924 3556 1125 3613 animo
1154 3557 1459 3615 Romanus
1485 3565 1643 3631 erat,
1687 3575 1801 3614 nec
1824 3560 2113 3636 sanguine
2138 3557 2340 3635 longe,

786 3658 1051 3714 moribus
1084 3668 1324 3715 ornatus
1354 3655 1604 3736 placidis
1622 3703 1639 3734 ,
1684 3661 1969 3736 gravitate
1996 3658 2229 3715 Latina.

787 3774 911 3814 non
939 3759 1115 3816 illum
1144 3762 1537 3840 aequiperans
1573 3763 1783 3820 iaculis
1814 3772 1914 3819 aut
1940 3758 2164 3816 viribus
2194 3766 2350 3815 esset

792 3858 892 3916 vel
915 3862 1131 3919 Veneri
1163 3860 1414 3920 dilectus
1446 3860 1623 3920 Adon
1645 3862 1746 3919 vel
1775 3863 1943 3920 fortis
1972 3856 2258 3919 Achilles.

625 3955 750 4024 515
876 3965 958 4021 At
986 3975 1155 4043 parte
1188 3984 1269 4023 ex
1294 3965 1445 4038 alia,
1489 3983 1673 4021 cornu
1697 3954 1963 4042 fulgente
1991 3962 2248 4036 sinistro,

796 4067 1038 4124 nomine
1064 4063 1321 4125 ductoris
1350 4063 1557 4124 ductor
1580 4065 1697 4124 fuit
1721 4066 1825 4124 ille
1849 4062 2144 4125 Iohannes

626 4276 729 4332 488
759 4276 919 4335 iberis
944 4282 995 4334 ‘r
1187 4281 1291 4335 489
1323 4278 1548 4351 gastrim
1576 4279 1638 4335 Τ.
