3210 5200
649 418 790 488 178
1261 416 1594 485 CORIPPI
1644 417 1758 483 DE
1807 417 2217 484 LAUDIBUS

688 581 769 649 65
813 585 1023 641 lustiui
1054 602 1273 640 rerum.
1357 592 1627 641 nostrum
1658 593 1865 662 capnt,
1909 584 2143 658 inclita,
2185 604 2376 655 serva,

817 695 1006 740 tutare
1036 685 1385 762 imperium,
1431 687 1617 742 vitam
1646 704 1818 762 rege,
1862 684 2079 763 perfice
2107 696 2336 762 coepta.

815 784 886 843 da
917 786 1070 842 bene
1102 783 1405 864 dIspositis
1438 784 1763 864 procedant
1800 788 1999 844 omnia
2030 789 2271 846 nostris.

814 885 1001 944 subde
1029 888 1185 945 feras
1214 898 1455 963 gentes:
1499 889 1655 945 iusto
1685 907 1968 946 mucrone
1996 889 2233 966 superbi

819 986 1154 1066 depereant.
1239 999 1433 1047 vestro
1462 1008 1699 1065 semper
1730 991 2020 1047 tutamine
2056 985 2321 1048 vivam.'‘

689 1092 771 1153 70
810 1090 1067 1167 plurima
1096 1100 1401 1169 praeterea
1428 1090 1623 1148 verbis
1657 1090 2049 1147 clementibus
2077 1111 2274 1165 orans,

813 1192 1027 1249 oblatis
1056 1192 1234 1266 cerIs,
1278 1194 1461 1249 altam
1491 1192 1774 1248 remeavit
1800 1192 1861 1246 iu
1892 1192 2115 1250 aulam.

812 1294 859 1351 it
886 1313 1119 1350 sacrum
1145 1295 1422 1351 comitata
1453 1294 1610 1351 latus
1640 1290 2039 1370 pulcherrima
2072 1294 2289 1371 proles,

811 1395 945 1452 luce
972 1414 1078 1453 sua
1103 1395 1347 1473 plenam
1373 1413 1526 1474 quae
1553 1397 1743 1474 possit
1765 1395 2002 1452 vincere
2029 1396 2255 1469 lunam,

811 1499 1204 1577 aequiparans
1239 1495 1503 1555 humeris
1533 1505 1822 1569 matrem,
1866 1498 1951 1554 sic
1981 1495 2179 1554 lucida
2212 1499 2397 1571 cultu,

685 1598 766 1664 75
809 1601 894 1656 sic
921 1601 1112 1656 niveis
1139 1598 1399 1655 formosa
1429 1599 1599 1674 genis
1629 1598 1961 1677 similisque
1985 1600 2239 1675 parenti.

811 1702 951 1776 igne
978 1701 1198 1756 micant
1229 1700 1405 1755 oculi.
1490 1717 1711 1756 nomen
1741 1697 1998 1757 distabat
2024 1709 2084 1755 et
2111 1711 2293 1774 aetas,

808 1821 931 1857 non
957 1809 1158 1856 tamen
1191 1801 1464 1877 egregiae
1496 1797 1754 1856 distabat
1781 1802 1968 1876 gratia
1999 1801 2248 1875 formae,

807 1900 1033 1958 arboris
1065 1911 1131 1958 ut
1159 1904 1367 1959 matris
1398 1919 1551 1981 quae
1587 1896 1662 1954 de
1694 1896 1892 1956 radice
1918 1919 2182 1979 propago

805 2004 1099 2074 nascitur,
1146 2015 1205 2060 et
1238 2004 1412 2060 celsis
1441 2010 1620 2078 caput
1649 2002 1823 2077 erigit
1847 1999 2031 2058 ardua
2057 2004 2258 2077 ramis,

678 2108 763 2170 80
804 2104 1182 2183 aequiparata
1212 2106 1384 2162 novis
1414 2113 1719 2161 maternae
1747 2100 2057 2161 frondibus
2084 2105 2363 2161 umbrae:

803 2214 864 2262 at
889 2213 1081 2260 mater
1105 2205 1404 2281 propriam
1434 2203 1664 2261 florenti
1694 2205 1960 2281 germine
1987 2215 2193 2264 natam

803 2303 1023 2385 gaudet
1056 2302 1275 2362 habere
1299 2324 1540 2382 parem,
1584 2304 1890 2383 laetasque
1922 2307 2138 2365 attollit
2168 2310 2231 2365 in
2257 2327 2432 2366 auras

801 2409 1007 2466 felices
1034 2426 1227 2465 ramos
1245 2451 1261 2480 ,
1305 2417 1365 2464 et
1391 2407 1610 2463 vertice
1644 2404 1895 2483 despicit
1924 2427 2084 2466 arva.

880 2513 1010 2567 Iam
1037 2509 1228 2566 laetus
1251 2509 1526 2587 princeps
1553 2506 1772 2565 divalia
1798 2517 1954 2565 tecta
1977 2511 2234 2585 subibat,

672 2615 753 2680 85
797 2613 1115 2691 amplaque
1144 2608 1473 2688 gaudentes
1501 2612 1831 2690 implebant
1865 2614 2011 2669 atria
2043 2614 2273 2673 turbae.

797 2716 1128 2772 accelerant
1157 2711 1295 2786 fidi,
1341 2730 1480 2769 cura
1509 2724 1597 2769 est
1624 2723 1691 2770 ut
1717 2715 1961 2792 cuique,
2004 2716 2259 2772 ministri

797 2816 1098 2895 obsequiis
1125 2814 1408 2892 praebere
1435 2833 1683 2887 manus,
1723 2826 2121 2896 promuntque
2145 2818 2458 2897 feruntque

790 2907 1090 2994 Augustas
1120 2925 1315 2972 vestes
1342 2917 1721 2994 pretiosaque
1760 2917 1994 2993 cingula
2030 2922 2285 2994 gemmis

796 3029 857 3076 et
886 3017 1092 3094 capitis
1120 3013 1395 3073 diadema
1426 3017 1598 3073 sacri.
1686 3016 1849 3073 cultu
1874 3019 2002 3095 ipse
2031 3022 2225 3097 priore

665 3127 747 3189 90
790 3122 1058 3190 exuitur,
1099 3126 1454 3195 tantumque
1482 3136 1602 3173 uno
1637 3120 1879 3176 vestitus
1909 3122 2130 3177 amictu

791 3221 1083 3293 constitit,
1135 3228 1196 3275 et
1220 3219 1426 3277 lumen
1453 3218 1739 3277 membris
1765 3220 2063 3298 regalibus
2091 3223 2279 3280 anxit.

788 3322 951 3382 haud
980 3340 1148 3378 secus
1174 3328 1273 3392 ut,
1319 3319 1505 3376 nubes
1529 3340 1668 3377 cum
1694 3342 1758 3379 se
1789 3321 2123 3380 rescindere
2152 3321 2400 3384 densam

786 3427 1044 3504 coeperit
1076 3431 1133 3479 et
1166 3421 1399 3480 caelum
1424 3407 1842 3481 monstraverit
1867 3422 2074 3482 aethra
2097 3446 2394 3502 serenum,

789 3526 1064 3586 ardentes
1092 3521 1288 3581 radios
1313 3525 1496 3580 mittit
1522 3525 1724 3582 iubar:
1768 3528 1968 3584 omnia
1991 3529 2189 3585 visum

660 3634 741 3700 95
784 3625 1158 3707 congaudent
1188 3627 1479 3684 elementa
1511 3625 1707 3700 diem3
1750 3648 1899 3685 mox
1920 3629 2093 3705 erigit
2119 3627 2300 3688 herba

786 3732 967 3791 molle
1004 3737 1213 3807 caput,
1256 3737 1505 3785 vernant
1529 3740 1791 3806 segetes,
1838 3741 1897 3787 et
1924 3735 2192 3808 gramina
2230 3741 2516 3808 crescunt,

779 3838 1027 3914 ipsaque
1059 3832 1385 3908 conspectis
1414 3840 1719 3906 gratantur
1747 3832 1972 3889 lumina
2006 3837 2199 3893 terris.

765 3929 957 3993 “haec
986 3943 1075 3993 est
1105 3933 1208 3989 illa
1240 3925 1443 4005 dies,”
1484 3933 1628 3990 laeti
1657 3932 1865 3991 dixere
1893 3934 2157 4008 clientes,

766 4032 989 4118 “quam
1019 4045 1189 4114 pater
1214 4035 1316 4091 ille
1338 4033 1529 4090 bonus
1558 4044 1761 4091 sancto
1789 4035 2167 4113 praedixerat
2197 4030 2367 4096 ore..’'

614 4143 733 4203 100
777 4138 1109 4218 egreditur,
1155 4139 1471 4214 tunicaque
1503 4133 1967 4212 pioswinducitur
1997 4147 2178 4211 artus,

774 4249 975 4296 aurata
1005 4258 1068 4296 se
1097 4249 1260 4296 veste
1290 4247 1528 4316 tegens,
1574 4255 1692 4316 qua
1720 4236 2006 4295 candidus
2030 4241 2226 4297 omnis

770 4340 978 4397 enituit
1004 4339 1327 4420 lumenque
1357 4337 1552 4413 dedit,
1595 4339 1907 4419 fuscasque
1939 4342 2189 4402 removit
