3210 5200
650 426 788 476 nxn
1560 409 1918 478 FOGGINI

817 578 1023 655 Itaque
1071 588 1264 652 nugas
1309 588 1485 651 agere
1529 585 1675 656 puto
1708 577 1811 658 qui
1839 577 2136 637 cresconii
2166 578 2475 638 canonum
2501 578 2829 640 collectoris

654 686 913 736 aetatem
948 695 1030 734 ex
1073 695 1144 734 ea
1191 684 1332 732 nota
1373 681 1732 757 comperisse
1765 681 1879 738 sibi
1908 676 2294 738 blandiuntur
2308 725 2324 755 ,
2369 701 2508 740 cum
2544 680 2698 739 mihi
2733 683 2829 740 vi-

652 776 864 837 deatur
911 797 1241 857 anonymus
1278 775 1589 838 adnotator
1632 800 1713 839 ex
1749 803 1821 840 eo
1864 780 2274 840 tantummodo
2316 785 2429 841 sibi
2466 784 2830 862 persuasisse

652 880 822 962 quod
859 880 1126 940 eiusdem
1160 882 1415 939 auctoris
1444 894 1600 941 esset
1624 903 1864 941 carmen
1889 884 1963 941 de
1993 883 2165 942 bellis
2191 884 2438 964 Libycis
2463 903 2532 941 ac
2562 885 2830 942 collectio

655 985 995 1056 canonum,
1043 982 1181 1060 quia
1219 982 1503 1040 nimirum
1548 986 1847 1045 Cresconii
1883 1006 2103 1045 nomen
2136 991 2374 1069 utrIque
2415 987 2580 1065 operi
2616 984 2832 1063 praefi-

655 1095 809 1143 xum
852 1086 1188 1157 invenerat,
1246 1094 1306 1141 et
1361 1087 1502 1165 quia
1554 1089 1749 1166 operis
1798 1076 2104 1168 utriusque
2147 1100 2448 1148 auctorem
2486 1088 2834 1146 Africanum

655 1186 962 1247 hominem
999 1204 1128 1244 esse
1168 1186 1479 1245 sentiebat.
1566 1208 1777 1246 verum
1820 1189 2362 1250 animadvertamus
2406 1199 2634 1269 oportet
2671 1186 2838 1270 quod

649 1291 957 1347 cresconii
1002 1309 1110 1346 seu
1149 1291 1342 1347 mavis
1377 1289 1664 1346 crisconii
1702 1309 1922 1349 nomen
1953 1294 2067 1351 fuit
2095 1294 2255 1354 Afris
2280 1294 2833 1366 familiarissimum,

650 1401 722 1449 ut
751 1394 929 1471 plane
956 1393 1145 1470 liquet
1173 1408 1254 1446 ex
1288 1389 1616 1448 collatione
1648 1390 2100 1471 Carthaginensi
2127 1406 2186 1453 et
2215 1416 2293 1453 ex
2321 1396 2571 1475 epistola
2599 1394 2836 1452 concilii

652 1492 989 1551 milevitani
1032 1488 1112 1549 ad
1151 1493 1566 1549 Innocentium
1604 1512 1828 1571 papam
1863 1500 1891 1557 1
1911 1539 1928 1569 ,
1973 1516 2227 1575 quarum
2263 1501 2369 1556 uni
2407 1500 2611 1578 plures
2646 1498 2834 1554 inter-

652 1595 898 1652 fuerunt
942 1603 1003 1650 et
1047 1591 1205 1651 hanc
1249 1594 1499 1651 alteram
1532 1593 1735 1671 plures
1763 1610 2180 1676 nuncuparunt
2208 1598 2574 1659 diversarum
2603 1596 2835 1658 sedium

654 1697 920 1774 episcopi
940 1737 956 1767 ,
1016 1696 1122 1773 qui
1174 1713 1294 1752 uno
1354 1691 1688 1775 eodemque
1740 1698 2040 1755 Cresconii
2085 1704 2329 1759 nomine
2365 1701 2835 1780 appellabantur.

658 1806 747 1853 est
776 1798 962 1872 igitur
988 1793 1348 1853 adnotatoris
1375 1793 1632 1855 adsertio
1661 1794 1988 1856 admodum
2016 1801 2273 1858 incertae
2296 1799 2437 1858 fidei
2454 1845 2470 1876 ,
2516 1806 2628 1860 etsi
2654 1800 2838 1860 indu-

656 1898 916 1955 bitanter
958 1897 1237 1955 falsitatis
1274 1915 1397 1955 non
1440 1917 1624 1977 arguo
1644 1942 1660 1973 ,
1704 1909 1836 1956 tum
1868 1901 2006 1980 quia
2042 1902 2290 1959 minime
2318 1912 2545 1980 pugnat
2573 1903 2838 1981 aliquem

657 2019 789 2058 esse
813 2000 960 2056 iuris
988 2000 1255 2056 canonici
1278 2000 1537 2077 peritum
1565 2011 1626 2058 et
1650 2002 1714 2057 in
1737 2010 1862 2058 arte
1891 2005 2123 2080 poetica
2148 2013 2470 2082 potentem,
2497 2013 2631 2062 *tum
2656 2007 2838 2063 etiam

658 2103 800 2182 quia
840 2102 1010 2158 nulla
1052 2103 1314 2180 suppetit
1349 2105 1497 2161 ratio
1543 2122 1650 2159 cur
1680 2122 2006 2181 pernegem
2028 2124 2150 2162 non
2180 2102 2392 2163 eodem
2414 2107 2540 2163 fere
2570 2115 2839 2185 tempore

655 2202 881 2261 editam
908 2204 1095 2262 fuisse
1125 2204 1537 2279 collectionem
1563 2205 1875 2262 Canonum
1905 2206 2360 2265 cresconianam
2390 2227 2459 2265 ac
2488 2204 2717 2266 editum
2750 2218 2842 2292 est

653 2326 691 2363 a
719 2307 811 2362 F'l.
841 2307 1156 2362 Cresconio
1179 2305 1433 2385 corippo
1462 2325 1703 2364 carmen
1727 2306 1802 2365 de
1827 2306 1998 2365 bellis
2012 2307 2276 2387 Libycis.
2369 2311 2637 2389 quinimo
2664 2312 2841 2391 equi-

653 2406 795 2465 dem
842 2408 1034 2466 sentio
1080 2409 1348 2485 apprime
1389 2408 1697 2488 probabile
1737 2406 1928 2468 videri
1971 2409 2134 2490 quod
2176 2408 2389 2469 eadem
2412 2413 2602 2470 ferme
2626 2422 2844 2487 aetate,

649 2511 763 2569 sub
790 2511 1042 2590 imperio
1070 2511 1357 2566 nimirum
1378 2512 1696 2568 Iustiniani
1718 2513 1958 2589 Magni,
2001 2522 2319 2592 utrumque
2348 2533 2496 2592 opus
2521 2511 2838 2592 prodierit:

648 2632 795 2671 nam
837 2632 917 2670 ex
966 2609 1096 2671 loh-
1134 2613 1481 2691 Cuspiniani
1526 2615 1869 2672 testimonio
1911 2614 2160 2695 aliisque
2192 2615 2442 2673 inferius
2476 2613 2840 2674 adducendis

650 2718 952 2774 rationum
985 2717 1305 2772 momentis
1345 2725 1504 2772 certo
1542 2727 1721 2775 teneo
1749 2715 1929 2775 huius
1961 2717 2236 2775 carminis
2267 2727 2684 2795 argumentum
2712 2736 2841 2776 esse

652 2818 932 2877 Africana
961 2817 1185 2893 praelia
1216 2815 1326 2873 sub
1351 2817 1681 2874 Iustiniano
1693 2819 1777 2873 M.
1808 2827 2009 2894 gesta3
2055 2825 2116 2873 et
2145 2813 2307 2895 quod
2331 2821 2586 2895 pertinet
2609 2818 2687 2877 ad
2713 2819 2839 2879 col-

650 2920 970 2979 lectionem
1001 2917 1330 2991 Canonum,
1375 2919 1516 2997 quia
1545 2918 1656 2975 sub
1688 2915 1957 2975 eiusdem
1983 2919 2295 2976 Iustiniani
2317 2922 2401 2977 M.
2430 2923 2681 3000 imperio
2707 2941 2841 2979 eam

655 3040 896 3102 quoque
937 3016 1229 3098 prodiisse
1267 3020 1515 3077 coniicio
1546 3038 1627 3076 ex
1654 3019 1903 3098 epistola
1932 3017 2131 3078 eidem
2156 3023 2319 3099 operi
2349 3024 2642 3100 praefixa,
2686 3044 2840 3104 quae

657 3120 855 3180 adhuc
883 3124 1115 3197 integra
1145 3132 1448 3199 superest,
1493 3118 1573 3178 ad
1596 3121 1946 3179 Liberinum
1975 3123 2340 3201 episcopum.
2428 3135 2487 3182 et
2519 3145 2662 3183 sane
2695 3127 2844 3184 Cre-

658 3226 896 3284 sconius
931 3225 995 3280 in
1037 3243 1107 3279 ea
1142 3220 1285 3281 dicit
1321 3242 1385 3281 se
1425 3242 1741 3283 excusasse
1771 3226 1844 3282 ab
1871 3226 2137 3282 iniuncto
2170 3243 2380 3303 opere,
2417 3226 2580 3307 qnod
2602 3227 2842 3285 brevia-

659 3327 817 3384 rium
868 3327 1176 3384 Canonum
1228 3343 1271 3383 α
1313 3327 1440 3382 viro
1476 3327 1938 3384 revermuzssinm
1974 3326 2281 3386 Ferrando
2329 3328 2843 3407 Uarthagmiensis

660 3429 938 3487 ecelesiae
981 3427 1231 3484 diacono
1282 3428 1578 3505 digestum
1618 3431 1745 3487 iam
1769 3429 1992 3509 suerat
2000 3472 2027 3501 ,
2091 3440 2149 3488 et
2209 3428 2373 3511 quod
2421 3440 2721 3490 vereretur
2765 3453 2841 3490 ne

656 3529 838 3588 aliud
876 3523 1241 3587 ‘breviarium
1279 3532 1641 3609 exsequendo
1682 3532 1808 3588 eius
1832 3532 2189 3609 prudentiae
2228 3531 2752 3611 deprehenderetur
2775 3536 2843 3592 in

653 3633 860 3712 aliquo
889 3632 1171 3710 derogare
1182 3654 1208 3704 ;
1258 3652 1411 3713 quae
1443 3630 1729 3715 loquendi
1754 3636 1901 3693 ratio
1919 3678 1936 3710 ,
1979 3654 2100 3692 non
2126 3655 2296 3693 secus
2324 3654 2394 3692 ac
2419 3638 2843 3713 sapientissimi

655 3745 717 3793 et
758 3731 1114 3791 venerabilis
1150 3735 1270 3792 vin·
1308 3737 1738 3814 appellationes
1755 3780 1772 3811 ‚
1818 3755 1970 3815 quae
2010 3733 2236 3794 ibidem
2267 3736 2565 3796 Ferrando
2598 3740 2844 3816 insuper

650 3837 991 3896 tribuuntur
1007 3881 1023 3912 ,
1062 3834 1451 3896 vehementer
1493 3836 1748 3897 suadent
1796 3849 1898 3897 aut
1945 3835 2143 3895 adhuc
2184 3839 2251 3896 in
2282 3840 2434 3896 vivis
2473 3836 2843 3896 Ferrandum

650 3938 839 3998 fuisse
884 3949 988 3997 aut
1029 3941 1245 3999 saltem
1284 3941 1411 4000 eius
1451 3941 1814 3998 breviarium
1837 3959 1959 3998 non
1987 3940 2178 3998 multo
2207 3949 2344 3997 ante
2371 3940 2558 3998 fuisse
2589 3938 2841 3999 editum.

649 4041 776 4099 iam
822 4061 964 4100 vero
1007 4061 1190 4123 quem
1236 4043 1383 4101 latet
1424 4043 1534 4102 sub
1575 4044 1827 4122 imperio
1871 4042 2184 4100 Iustiniani
2226 4041 2432 4119 Magni
2472 4039 2843 4099 Fert-andum

564 4215 569 4222 ,
650 4142 969 4204 floruisse?
1053 4145 1168 4203 fuit
1216 4146 1378 4202 enim
1419 4145 1486 4202 S.
1516 4146 1816 4222 Fulgentii
1859 4145 2121 4224 episcopi
2156 4146 2481 4223 Ruspensis
2521 4145 2587 4202 in
2624 4162 2844 4202 mona-

649 4247 831 4306 sterio
861 4243 1170 4305 Sardiniae
1198 4247 1535 4305 calaritano
1564 4242 1891 4325 discipulus
1916 4263 1934 4319 3
1981 4256 2040 4304 et
2072 4265 2209 4304 cum
2237 4247 2303 4306 S.
2332 4248 2683 4327 Fulgentius
2715 4243 2843 4304 kal.

647 4350 781 4410 Ian.
811 4367 868 4408 a.
898 4348 1008 4408 sal.
1036 4347 1158 4414 583
1182 4361 1437 4410 mortem
1460 4349 1674 4408 obierit
1693 4393 1711 4427 ,
1754 4345 2026 4409 eiusdem
2067 4350 2258 4412 'vitam
2293 4347 2607 4430 descripsit
2636 4358 2696 4407 et
2726 4348 2842 4403 Fe-
