3210 5200
955 374 1071 440 DE
1118 372 1529 465 nummus
1577 372 1910 440 ms‘rm.
2374 375 2520 445 393

356 560 571 622 repone
597 558 680 598 ex
706 537 890 600 ductu
920 538 1213 598 similium
1239 541 1571 598 litterarum
1597 539 1812 598 tribuo.
1903 549 2124 619 quanta
2150 550 2350 598 autem
2376 541 2540 612 Qui-2

356 629 537 686 ritum
588 627 772 684 etiam
823 625 1218 698 Graecorum,
1262 634 1328 682 ut
1368 644 1412 682 a
1441 622 1686 683 Sidonio
1721 635 2036 697 vocantur,
2080 627 2156 681 in
2176 626 2526 703 spectaculis

358 708 693 789 flagitandis
735 711 968 767 insania
1007 709 1187 767 fuerit
1204 754 1221 782 ,
1263 719 1329 767 ut
1380 727 1491 787 ego
1533 710 1814 785 arbitror,
1858 712 1967 767 toti
1999 712 2249 788 imperio
2273 711 2527 768 Orientis

362 796 653 868 exitialis,
698 814 819 852 non
846 804 937 851 est
966 791 1068 851 hic
1102 814 1249 872 opus
1273 792 1502 852 disseri.
1543 796 1792 852 ΒΛιιτιι.
1878 792 2139 852 tribuam
2166 796 2486 872 Fogginus.

530 879 675 944 851.
759 876 877 945 hoc
905 875 1042 936 ideo
1075 899 1109 936 a
1143 881 1399 957 Corippo
1425 878 1650 936 dictum
1676 888 1795 952 est,
1840 877 1999 958 quod
2038 889 2173 956 post
2198 881 2404 938 Basilii
2431 883 2534 937 Iu·-

364 966 549 1023 nioris
576 964 946 1022 consulatum
968 983 1076 1042 per
1107 965 1187 1026 25
1219 983 1403 1022 annos
1433 966 1639 1023 Oriens
1665 967 1793 1022 sine
1821 964 2160 1022 consulibus
2191 965 2387 1037 fuerit,
2428 983 2537 1022 us-

367 1069 487 1129 que
519 1047 596 1105 ad
622 1052 883 1128 primum
909 1049 1131 1106 scilicet
1158 1066 1380 1105 aunum
1404 1052 1616 1107 Iustini
1651 1051 1934 1122 Iunioris,
1980 1051 2085 1127 qui
2123 1049 2317 1107 factus
2340 1051 2538 1126 impe-

365 1143 527 1192 rator
573 1134 830 1192 consulis
864 1153 1082 1191 nomen
1124 1136 1430 1212 usurpavit
1444 1178 1461 1206 ,
1529 1145 1587 1191 et
1632 1137 1715 1191 ita
1756 1145 1891 1211 post
1932 1153 2070 1190 eum
2111 1135 2542 1213 subsequentes

369 1220 784 1297 imperatores3
835 1228 900 1275 ut
944 1237 1025 1276 ex
1067 1219 1395 1275 Marcellini
1435 1219 1603 1276 fastis
1636 1220 1875 1276 Graecis
1907 1229 1966 1276 et
1991 1217 2366 1278 Maffeiorum
2397 1217 2542 1276 dili·

370 1305 711 1383 gentissime
743 1301 951 1381 probat
979 1300 1317 1380 onuphrius
1343 1305 1689 1361 Panvinius.
1773 1307 1958 1362 Rmz.

537 1388 683 1452 352.
769 1390 1028 1466 pertinet
1069 1386 1145 1445 ad
1181 1390 1615 1446 restitutionem
1655 1389 1979 1447 consularis
2014 1388 2227 1460 officii,
2273 1388 2412 1466 quia
2440 1391 2544 1446 Iu—

373 1474 525 1532 stino
566 1475 883 1552 imperium
924 1475 1167 1530 ineunte
1212 1475 1292 1535 26
1331 1475 1534 1546 annis,
1591 1492 1627 1530 a
1671 1474 1978 1531 consulatu
2013 1475 2296 1530 nimirum
2335 1475 2550 1531 Basilii

372 1561 446 1618 V.
493 1559 593 1631 C.,
645 1568 957 1615 vacaverat
998 1559 1052 1614 is
1097 1559 1475 1635 magistratus
1504 1560 1569 1615 in
1597 1559 1866 1631 Oriente,
1912 1576 2093 1637 quem
2122 1559 2374 1616 restituit
2408 1560 2546 1637 qui-

378 1640 519 1701 dem
564 1644 822 1700 Iustinus
867 1643 1067 1721 aliquo
1106 1641 1319 1716 modo,
1388 1639 1494 1699 sed
1537 1645 1663 1700 eius
1710 1653 1907 1700 tamen
1945 1646 2226 1721 temporis
2262 1640 2547 1701 historiae

377 1747 500 1786 non
534 1728 655 1784 iam
684 1746 793 1804 per
823 1727 1090 1785 consules
1121 1746 1305 1784 anuos
1335 1738 1680 1800 numerant,
1723 1737 1790 1784 ut
1812 1730 1875 1785 in
1904 1730 2213 1785 Iustiniani
2245 1728 2419 1786 rebus
2448 1729 2545 1785 fe-

380 1815 461 1871 cit
493 1815 816 1869 etiamnum
838 1815 1037 1870 Victor
1063 1813 1514 1886 Tunnonensis‚
1560 1811 1670 1869 sed
1707 1830 1818 1889 per
1858 1831 2043 1869 annos
2071 1814 2436 1891 principum,
2479 1823 2548 1870 ut

377 1894 675 1957 Iohannes
711 1897 1063 1955 Biclarensis
1102 1899 1352 1956 Victoris
1393 1897 1717 1975 suppletor.
1806 1894 1966 1975 quod
2007 1908 2205 1954 autem
2247 1900 2401 1956 inter
2433 1916 2547 1975 po-

378 1983 509 2063 puli
541 1981 825 2039 beneficia
857 1991 1120 2040 recenset
1145 1985 1405 2040 Iustinus
1437 1983 1776 2040 consulatus
1806 1983 2267 2056 restitutionem,
2309 1991 2551 2061 propter

381 2068 542 2126 dona
567 2067 672 2125 illa
699 2066 1086 2124 calendarum
1118 2086 1359 2125 suarum
1391 2065 1562 2124 dicit.
1605 2086 1749 2123 nam
1775 2068 2051 2123 immanis
2084 2070 2259 2144 pretii
2292 2069 2551 2145 sparsio-

380 2172 489 2210 nes
512 2154 575 2209 in
599 2153 848 2230 vulgum
874 2141 1399 2230 impendebantur,
1446 2152 1660 2229 quibus
1698 2153 2050 2230 patrimonia
2075 2150 2433 2228 praeditium
2466 2155 2554 2208 ci-

381 2240 553 2297 vium
596 2236 1133 2310 exhauriebantur3
1176 2234 1335 2293 unde
1376 2237 1600 2294 insanis
1641 2237 1763 2293 illis
1803 2236 2092 2294 sumtibus
2124 2234 2558 2294 interdixerunt

385 2317 744 2402 quandoque
789 2322 1119 2400 principes,
1162 2331 1231 2377 ut
1274 2320 1724 2379 Valentinianus
1770 2331 1828 2378 et
1866 2322 2191 2379 Martianus
2238 2339 2368 2398 cap.
2401 2327 2443 2386 2
2485 2319 2560 2379 de

391 2425 543 2464 coss.
582 2406 691 2463 lib.
729 2407 809 2470 12
850 2402 980 2462 cod.
1022 2407 1231 2463 lustin.
1316 2406 1675 2464 lastinianus
1722 2424 1863 2463 vero
1905 2402 2381 2464 interdictionem
2428 2425 2560 2464 eam

390 2490 630 2552 sustulit
659 2490 909 2549 Novella
946 2488 1084 2553 105.
1168 2492 1417 2547 ΒΑιιτιι.
2562 2559 2572 2566 ³

562 2573 709 2639 854.
790 2576 1149 2634 lastinianus
1189 2577 1349 2632 enim
1389 2577 1709 2652 imperator
1744 2574 1967 2633 obierat
2002 2575 2170 2654 Cpoli
2206 2573 2402 2634 idibus
2434 2578 2561 2634 No-

393 2660 733 2720 vembribus
762 2679 917 2718 anno
945 2658 1162 2718 Christi
1186 2659 1337 2734 565,
1381 2658 1540 2717 unde
1567 2662 1688 2716 iam
1714 2679 1902 2717 novus
1928 2678 2117 2719 annus
2147 2683 2253 2720 seu
2283 2658 2564 2719 calendae

394 2746 705 2806 Ianuariae
729 2745 1062 2818 instabant,
1108 2744 1324 2824 quibus
1352 2763 1484 2802 mos
1514 2754 1637 2801 erat
1670 2742 1828 2823 apud
1861 2747 2132 2826 antiquos
2160 2758 2219 2805 et
2247 2749 2439 2805 varios
2466 2748 2566 2805 lu-

398 2829 509 2890 dos
555 2849 862 2904 exercere,
910 2830 1170 2908 auspicia
1209 2830 1350 2888 novi
1389 2830 1530 2886 anni
1572 2848 1814 2908 capere,
1861 2826 2015 2888 dona
2052 2844 2111 2891 et
2148 2842 2375 2892 strenas
2409 2834 2568 2889 acci-

395 2935 542 2997 pere
588 2926 794 2973 mutuo
840 2925 899 2972 et
949 2913 1123 2990 dare,
1167 2913 1275 2973 sed
1320 2916 1668 2993 praesertim
1710 2913 1961 2972 conferri
1992 2917 2065 2974 ab
2097 2917 2570 2998 imperatoribus,

395 3010 467 3147 {t
504 3001 754 3059 inferius
784 3000 938 3113 libro
965 2998 1039 3075 4,
1087 3009 1148 3057 et
1173 2997 1414 3057 tandem
1442 2998 1655 3059 eodem
1683 3001 1862 3059 etiam
1891 2997 2028 3059 die·
2010 3006 2148 3062 miri
2177 3004 2567 3101 consulatum,

454 3102 579 3149 σιτ.

566 3169 712 3235 859
793 3172 880 3229 sic
916 3172 980 3228 in
1019 3170 1349 3247 exemplari
1379 3180 1502 3227 erat
1528 3172 1719 3229 male.
1755 3194 1868 3250 per
1908 3172 2091 3230 laetos
2130 3175 2339 3251 ingens·
2353 3171 2573 3250 fremit

402 3254 664 3333 undique
683 3276 971 3313 mw‘nucr.
1017 3256 1297 3314 Demsr.
1381 3274 1627 3313 mancus
1649 3268 1737 3314 est
1761 3277 1984 3332 versus,
2016 3255 2123 3317 sed
2145 3255 2571 3316 restituendum

404 3341 716 3399 existimo,
754 3360 865 3417 per
891 3340 1099 3411 laetos,
1131 3340 1562 3418 ingenssremit
1584 3340 1871 3418 undique,
1914 3354 1967 3399 et
1993 3344 2254 3421 undique
2275 3362 2572 3413 murmur-5

407 3442 563 3503 quae
610 3428 953 3484 coniectatio
1000 3429 1182 3484 etiam
1220 3425 1389 3481 Eliae
1427 3420 1696 3482 Putschii
1736 3425 2337 3527 fuit.Dempste1-1u
2380 3428 2570 3482 aliter.

406 3512 659 3650 Βλλτιῖ.
750 3597 1039 3652 rationem
1086 3591 1387 3652 emendati
1428 3593 1528 3652 vel
1563 3593 1760 3672 potius
1805 3594 2063 3672 suppleti
2102 3612 2306 3652 versus
2347 3589 2578 3650 reddidi

409 3698 589 3757 supra
618 3675 698 3736 ad
727 3698 785 3737 v,
816 3679 959 3743 314.
1014 3682 1200 3738 Rrrr.
1297 3680 1575 3736 lacunam
1613 3678 1925 3756 supplebat
1967 3677 2391 3737 Rittershusius
2410 3723 2425 3752 ,
2471 3675 2586 3735 dn·-

408 3765 642 3843 plicans
685 3783 897 3823 vocem
938 3768 1165 3844 ingens.
1255 3765 1545 3823 Meursius
1573 3765 1636 3821 in
1669 3766 1812 3824 crit:
1836 3764 2060 3822 Arnob.
2086 3763 2127 3825 4
2175 3763 2253 3827 15
2301 3764 2588 3842 supplen-

414 3848 561 3905 dum
585 3851 845 3908 censuit:
870 3850 1089 3928 fremit
1110 3850 1373 3928 undique
1394 3860 1449 3905 et
1471 3850 1736 3928 undique
1757 3869 2047 3907 murmur.
2106 3857 2423 3929 utrumque
2447 3867 2591 3926 pro-

412 3932 975 4080 δὼϋὲδθῗοῖῦιιιιο
1017 4022 1216 4079 locum
1256 4015 1520 4076 laudavit
1562 4019 1964 4097 Bulengerus,
2005 4019 2098 4076 vir
2136 4019 2436 4075 maximus
2472 4034 2596 4073 non

419 4100 621 4158 minus
662 4096 725 4157 in
769 4106 950 4161 sacris
992 4125 1174 4185 quam
1212 4103 1661 4163 humanioribus
1702 4105 1934 4162 litteris.
2019 4106 2071 4162 is
2115 4122 2256 4182 ergo
2294 4103 2402 4160 lib.
2439 4105 2473 4162 1
2520 4097 2597 4156 de

421 4182 654 4243 theatro
685 4204 738 4242 c.
764 4184 844 4248 51
871 4187 1110 4249 adducit
1135 4211 1169 4249 e
1192 4188 1516 4248 Claudiano
1546 4187 1623 4246 de
1646 4193 1688 4252 6
1709 4193 1932 4248 Honor.
1959 4190 2199 4248 Consul.
2226 4186 2336 4245 hos
2358 4200 2597 4244 versus:

422 4287 823 4347 consensuque
860 4292 1043 4330 cavae
1079 4274 1352 4334 sublatus
1392 4276 1459 4333 in
1494 4274 1735 4332 aethera
1773 4273 1954 4333 vallis
1980 4273 2182 4354 plebis
2202 4273 2486 4330 adoratae
2506 4287 2602 4324 re-

425 4354 566 4413 boat
585 4354 833 4435 fragor.
924 4368 986 4417 et
1028 4362 1114 4418 sic
1154 4361 1281 4422 vult
1324 4361 1478 4440 legi:
1521 4380 1807 4419 comem
1850 4380 2064 4420 caveae
2102 4357 2373 4417 sublatus
2403 4355 2470 4411 in
2497 4373 2601 4413 ae-
