3210 5200
966 506 1492 574 lonANNmos
1541 505 1699 574 Lm.
1745 506 1865 575 vi.
2355 486 2494 576 137

322 669 448 738 805
487 670 644 751 finge
670 672 820 731 vias.
904 673 1173 754 sequitur
1195 683 1424 733 nostras
1454 674 1747 733 exercitus
1775 674 1987 751 ingens

494 777 714 857 quippe
744 777 954 855 sugast,
1000 795 1384 859 quaecumque
1411 778 1638 851 virent,
1682 777 2014 834 attrivaus
2044 794 2208 833 arva.

496 885 558 932 at
588 877 639 933 si
665 877 757 935 illi
784 878 941 937 nihil
968 881 1270 937 invenient
1289 923 1305 953 ‚
1358 888 1459 951 aut
1485 880 1782 958 spargitur
1806 875 1994 935 hostis

492 988 598 1035 aut
633 980 794 1037 fame
816 978 1079 1039 deficiet.
1165 981 1293 1038 sera
1326 989 1467 1037 tunc
1498 982 1547 1037 si
1575 980 1802 1058 proelia
1831 989 2043 1050 tentes,

497 1081 684 1140 victor
709 1085 853 1157 eris,
897 1085 1201 1163 victosque
1229 1082 1420 1165 fames
1448 1080 1788 1160 fernnnque
1810 1068 2108 1135 necabit.”

326 1182 457 1248 310
579 1185 906 1243 Consilium
931 1185 1149 1242 infelix
1175 1185 1428 1263 placuit,
1471 1184 1779 1263 fossasque
1809 1181 2052 1238 levavit.

499 1286 829 1365 insequitur
856 1288 1023 1346 sortis
1048 1289 1335 1367 fugientia
1364 1297 1550 1344 castra
1578 1286 1885 1362 magister,

498 1387 872 1465 ingeminans
905 1390 1018 1448 iter
1048 1410 1224 1449 omne
1254 1408 1450 1447 suum.
1531 1389 1653 1444 iam
1683 1384 1994 1464 proximus
2023 1379 2184 1440 hosti

498 1490 722 1567 proelia
753 1491 1017 1548 tentabat
1046 1493 1261 1548 inuictis
1291 1490 1657 1548 committere
1684 1487 1906 1565 signis:

502 1587 608 1648 sed
638 1591 786 1671 quia·
809 1590 1033 1649 ductori
1060 1589 1316 1649 necdum
1343 1599 1709 1649 concesserat
1733 1587 1964 1662 horam,

329 1688 461 1755 315
504 1688 730 1749 distulit
757 1706 922 1750 arma
951 1691 1123 1767 deus,
1166 1695 1512 1753 melioribus
1538 1704 1676 1772 apta
1702 1687 2045 1770 triumphis.

500 1812 759 1873 namque
782 1808 894 1871 per
921 1805 1197 1854 extensos
1222 1796 1548 1874 pergebant
1579 1796 1820 1872 angna
1852 1810 2113 1870 campos,

504 1896 701 1973 pulvis
734 1906 794 1952 et
830 1893 1061 1955 adversi
1094 1898 1413 1976 apparebat
1440 1899 1654 1955 certius
1679 1891 1870 1953 hostis

503 1994 649 2055 haut
673 1998 882 2076 procul
908 2018 1037 2057 esse
1063 2001 1226 2058 viris.
1312 2002 1496 2058 virtus
1523 1998 1820 2057 crescebat
1843 1994 2069 2053 acerbis

505 2099 835 2174 mentibus,
881 2110 939 2157 et
965 2119 1233 2178 pugnam
1260 2103 1383 2158 iam
1414 2104 1535 2158 iam
1559 2111 1787 2158 tentare
1814 2098 2119 2178 parabant,

331 2204 465 2265 320
506 2220 642 2259 cum
672 2202 866 2260 subito
896 2202 1177 2260 calefacta
1208 2199 1357 2261 dies.
1438 2222 1581 2259 nam
1605 2200 1886 2261 Phoebus
1915 2198 2147 2258 anhelis

507 2303 682 2361 altior
709 2304 833 2361 ibat
865 2307 1034 2384 equis
1051 2350 1067 2379 ‚
1112 2303 1311 2363 medio
1335 2306 1583 2363 libratus
1613 2306 1677 2362 in
1705 2320 1844 2377 axe,

502 2402 763 2462 vindicat
787 2406 997 2464 umbra
1030 2405 1177 2467 duas
1202 2408 1440 2465 brevior
1471 2426 1588 2486 quo
1617 2416 1885 2482 tempore
1917 2404 2173 2483 plantas.
2225 2412 2230 2417 '

509 2507 746 2566 Africus
774 2509 1111 2584 ignivomus
1142 2519 1444 2589 terrasque
1476 2527 1728 2565 exurere
1755 2505 1957 2563 flabris

505 2610 743 2689 incipit,
790 2620 848 2667 et
879 2612 1088 2689 populi
1118 2614 1273 2670 vires
1297 2612 1601 2691 furiasque
1633 2608 1895 2667 resolvit.

333 2711 465 2776 825
508 2712 746 2770 flamine
784 2722 989 2770 cuncta
1020 2716 1212 2791 rigent
1242 2717 1415 2793 igniti
1444 2731 1687 2793 corpora
1716 2711 1916 2769 venti:

509 2825 637 2872 aret
662 2815 868 2893 lingua
895 2817 1071 2891 viris,
1116 2817 1296 2876 facies
1317 2816 1527 2891 rubet,
1570 2807 1726 2874 altus
1755 2811 1997 2871 anhelat

510 2927 747 2995 pectora
772 2919 978 2996 pulmo
1010 2922 1199 2994 ciens,
1242 2919 1542 2997 mittitque
1570 2939 1602 2975 e
1633 2917 1874 2975 naribus
1900 2917 2130 2995 ignem.

505 3037 719 3098 aspera
742 3021 1035 3078 subtracta
1066 3022 1401 3080 fervescunt
1427 3041 1529 3079 ora
1559 3022 1768 3096 saliva,

514 3131 573 3178 et
597 3121 743 3178 furit
774 3132 1017 3181 exustus
1044 3126 1213 3181 siccis
1243 3125 1309 3181 in
1337 3123 1608 3182 faucibus
1637 3122 1832 3181 ardor.

334 3224 472 3288 330
515 3225 708 3283 omnis
739 3224 813 3280 ab
848 3227 1093 3283 internis
1123 3222 1340 3284 humor
1374 3227 1503 3284 fluit
1531 3227 1747 3284 anxius
1782 3221 1960 3296 extis,

517 3323 936 3405 perfunditque
962 3337 1187 3402 cutem,
1234 3347 1413 3406 quem
1438 3348 1586 3385 mox
1614 3330 1872 3387 exsiccat
1898 3326 2137 3405 iniquus

516 3428 669 3485 aeris
698 3429 824 3505 ipse
853 3427 1044 3503 calor,
1088 3428 1475 3510 tepidumque
1505 3452 1539 3489 a
1567 3452 1807 3510 corpore
1839 3429 2042 3487 smnit.

604 3528 766 3588 Vidit
792 3537 857 3587 ut
882 3527 998 3588 hoc
1027 3528 1263 3608 ductor,
1307 3531 1487 3591 dilato
1514 3536 1702 3592 Marte
1720 3578 1736 3607 ‚
1778 3528 2097 3606 lohannes,

520 3640 709 3688 castra
736 3651 913 3710 super
940 3631 1142 3692 dulces
1165 3636 1365 3712 posuit
1393 3636 1650 3693 sitientia
1677 3637 1897 3693 fontes.

344 3732 480 3800 335
523 3735 762 3791 confluit
795 3732 872 3790 ad
903 3733 1132 3812 gelidas
1169 3735 1383 3796 ardens
1420 3740 1714 3796 exercitus
1741 3735 1954 3811 undas,

524 3819 988 3917 incumbuntque
1022 3839 1142 3896 siti.
1229 3858 1346 3919 quo
1379 3859 1543 3896 more
1579 3840 1880 3897 canalibus
1908 3835 2067 3896 horti

525 3939 870 3996 innumerae
905 3936 1227 3998 densantur
1254 3961 1426 4020 apa,
1473 3962 1609 3999 cum
1638 3942 1763 4000 sole
1791 3940 1899 3997 sub
1931 3939 2049 3994 alto

525 4038 646 4095 iam
679 4059 806 4097 sese
838 4062 870 4097 e
904 4053 1076 4119 pastu
1115 4043 1411 4116 referunt,
1456 4045 1698 4122 rivoque
1731 4043 1936 4099 fluenti

524 4141 871 4200 mellificum
893 4144 1045 4201 bibit
1071 4165 1284 4224 agmen
1309 4165 1522 4226 aquas,
1568 4147 1652 4204 sic
1681 4148 1819 4224 igne
1848 4154 2155 4224 perustum

345 4323 554 4376 307‚2t
574 4322 648 4393 si]
681 4333 762 4379 ast
788 4328 859 4392 Τ,
893 4333 981 4379 aut
999 4330 1063 4382 M
1260 4331 1361 4384 308
1394 4327 1700 4398 deficietque
1723 4331 1855 4385 same
1878 4329 1938 4380 M
2139 4334 2241 4387 313
2274 4329 2538 4383 tentabant

344 4391 650 4515 ‹31ngde
678 4464 737 4516 Τ·
790 4396 894 4452 315
930 4405 1049 4451 acta
1077 4400 1126 4453 Τ
1321 4399 1424 4454 332
1457 4399 1597 4452 aiere
1622 4401 1670 4453 Τ
1874 4399 1998 4453 ibid.
2037 4417 2106 4452 an
2129 4401 2442 4472 tepidoque?
2478 4402 2539 4455 M
