3210 5200
672 329 769 403 74
1598 329 1934 397 CORIPPI

841 499 1158 576 proiiciumt
1196 516 1303 556 sua
1334 495 1456 555 tela
1485 498 1599 556 viri
1618 497 1640 571 ‚'
1685 497 2055 576 genibusque
2084 496 2321 575 tyranni

840 610 1151 657 accurrunt
1179 599 1434 674 celeres,
1481 610 1537 657 et
1563 602 1752 658 amica
1783 619 1930 658 voce
1959 599 2237 656 salutant.

716 706 798 766 60
839 700 1134 759 iudicibus
1162 702 1285 757 iam
1310 701 1477 757 nulla
1510 702 1692 760 salus.
1781 700 1929 781 quid
1957 710 2166 758 cuncta
2199 697 2460 756 referre‘l

840 822 1078 862 oramus
1111 807 1381 860 veniam:
1428 800 1605 860 datur
1632 805 1815 860 ilicet.
1904 804 2138 880 egimus
2165 799 2366 860 hostes

837 924 948 983 per
972 908 1155 962 vitam
1178 908 1371 962 iurare
1395 922 1599 962 suam:
1643 905 1839 964 secere
1867 906 2078 962 coacti.

834 1008 1121 1064 finximus
1149 1003 1410 1065 infandis
1436 1007 1622 1064 veluti
1652 1010 1873 1064 servire
1897 1006 2188 1088 tyrannis.

794 1185 797 1186 ⁷
834 1111 1157 1167 Iustiniana
1194 1109 1351 1186 polis
1376 1111 1571 1168 saevis
1596 1120 1742 1168 tunc
1765 1107 1982 1167 tradita
2009 1110 2236 1166 Mauris

704 1209 787 1274 65
829 1222 986 1270 sorte
1014 1211 1124 1268 sub
1153 1212 1419 1289 ancipiti.
1504 1213 1800 1271 sociorum
1831 1211 2063 1270 flectere
2084 1221 2318 1269 mentes

830 1324 967 1392 post
994 1314 1164 1370 licuit
1188 1334 1299 1392 per
1325 1314 1504 1371 verba
1529 1312 1705 1372 mihi.
1792 1316 2110 1373 Marturius
2137 1333 2256 1371 una

840 1417 1087 1474 consilio
1115 1415 1383 1475 matu‘rus
1417 1428 1561 1474 erut.
1652 1419 2065 1495 compellimus
2099 1417 2276 1473 ambo

835 1527 1111 1576 nutantes
1144 1521 1375 1576 animos
1409 1520 1666 1596 propriis
1698 1539 1762 1577 se
1793 1517 2045 1577 reddere
2080 1519 2290 1595 signis.

837 1637 1141 1689 assensere
1171 1621 1319 1676 viri:
1372 1622 1578 1678 castris
1609 1640 1847 1679 sensere
1883 1620 2168 1697 malignis

710 1722 792 1782 70
831 1720 1122 1797 paulatim
1145 1731 1374 1779 tentare
1402 1722 1631 1800 fugam.
1715 1740 1816 1778 me
1840 1723 2032 1780 noctis
2057 1721 2286 1776 amicae

837 1823 1094 1900 eripiunt
1118 1821 1448 1901 trepidum,
1493 1824 1668 1882 turba
1696 1827 2046 1896 comitante,
2088 1821 2398 1893 tenebrae3

835 1927 1309 2005 perveniensque
1335 1944 1502 1983 meas
1530 1924 1657 1984 vidi
1691 1945 1829 1984 cum
1857 1927 2107 2002 coniuge
2138 1920 2330 1980 sedes.

842 2023 1059 2083 deserit
1089 2026 1368 2086 infandos
1398 2028 1637 2106 fugiens
1663 2029 1981 2086 Marturius
2007 2024 2232 2084 hostes.

836 2138 972 2205 post
1002 2132 1272 2210 sequitur
1294 2131 1490 2188 miles.
1577 2130 1771 2187 voluit
1794 2131 2165 2210 quicunque,
2209 2127 2510 2187 remansit.

713 2227 795 2293 75
838 2233 1164 2290 Iustiniana
1192 2233 1349 2312 polis
1377 2233 1682 2290 nocturnis
1708 2230 1989 2311 panditur
2017 2234 2196 2291 armis
2215 2250 2235 2290 ε

832 2332 1170 2411 proditione
1198 2337 1299 2413 pia
1329 2337 1474 2394 civis
1496 2335 1780 2414 patefecit
1808 2337 2056 2392 amicus.

832 2432 933 2493 hic
963 2438 1103 2515 iuga
1132 2456 1255 2495 non
1288 2441 1483 2516 potuit
1509 2440 1676 2496 saevi
1699 2435 1946 2496 sufferre
1974 2436 2234 2516 tyranni.

830 2541 1002 2618 signa
1029 2550 1230 2597 tamen
1264 2539 1482 2599 claus1s
1512 2540 1828 2599 servabant
1859 2540 2100 2620 publica
2123 2538 2331 2595 muris.

825 2662 937 2700 nec
965 2645 1161 2721 potuit
1191 2646 1544 2723 quisquam,
1590 2620 1802 2722 campo
1834 2662 2182 2721 congressus
2207 2652 2431 2719 aperto,

704 2748 787 2808 80
826 2741 1109 2802 hostilem
1137 2753 1367 2801 tentare
1398 2760 1684 2818 manum3
1728 2764 1839 2801 nec
1871 2742 2081 2801 cedere
2112 2742 2320 2800 ductor

828 2847 952 2904 iam
978 2847 1169 2904 voluit
1197 2846 1388 2902 socios
1408 2889 1424 2919 ‚
1473 2846 1669 2903 Stutia
1701 2848 1939 2903 vivente
1967 2847 2258 2923 malignO.

923 2948 1127 3006 Africa
1159 2945 1303 3004 dum
1329 2949 1507 3004 tantis
1535 2956 1781 3025 urgetur
1804 2949 1963 3006 fessa
1988 2949 2248 3027 periclis,

832 3046 1213 3107 Ariobiudeis
1242 3048 1538 3106 fulserunt
1567 3068 1828 3130 aequora
1857 3054 2071 3129 proris.

836 3150 1096 3209 adventu
1126 3162 1404 3230 stupuere
1437 3149 1637 3227 ducis3
1687 3171 1835 3231 gens
1860 3154 2062 3210 territa
2090 3153 2266 3210 cessit

709 3253 792 3318 85
832 3256 1225 3330 Languentan
1255 3255 1449 3312 terris.
1536 3257 1769 3314 utinam
1795 3274 1917 3312 non
1943 3255 2049 3313 ille
2074 3263 2321 3333 penates

830 3358 1171 3414 Poenorum
1200 3354 1447 3414 vidisset
1471 3355 1662 3415 iners!
1750 3367 1894 3415 tunc
1922 3358 2124 3415 Africa
2157 3353 2356 3413 clades

836 3460 1127 3539 persensit
1157 3461 1428 3536 graviore
1457 3461 1620 3518 malo
1648 3479 1975 3540 saevasque
2006 3463 2245 3538 rapinas
2273 3502 2278 3507 .

834 3565 989 3621 inter
1012 3569 1332 3641 utrumqne
1361 3558 1598 3619 ducem.
1683 3565 1875 3622 nescit
1905 3563 2223 3619 commissa
2254 3569 2515 3638 potestas

835 3663 1115 3743 aequales
1143 3661 1390 3721 sufferre
1419 3661 1601 3722 duos:
1648 3666 1931 3724 censortis
1958 3664 2218 3720 tunicum

707 3772 790 3834 90
832 3769 1069 3825 saecula
1099 3766 1270 3831 nulla
1295 3766 1518 3824 ferunt.
1604 3767 1692 3822 sie
1713 3785 1823 3824 nos
1848 3763 2125 3841 exempla
2155 3763 2426 3839 priorum

832 3872 963 3951 ipsa
992 3868 1225 3928 docent.
1309 3869 1490 3947 primi
1521 3867 1794 3945 sequitur
1814 3884 1921 3944 pes
1947 3876 2106 3922 mota
2135 3860 2431 3922 secundus

832 3992 997 4030 crura
1021 3970 1227 4050 pedis3
1275 3971 1456 4026 ritum
1486 3969 1697 4044 capitis
1720 3987 1828 4025 sua
1852 3967 2118 4024 membra
2141 3973 2440 4038 secuntur,

832 4087 889 4134 et
922 4075 1147 4154 proprii
1177 4074 1412 4149 generis
1444 4071 1706 4127 fructmn
1735 4065 1879 4126 dant
1908 4069 2114 4126 arbore
2141 4068 2312 4125 rami.

663 4231 730 4282 58
768 4225 1019 4297 proiciunt
1042 4223 1094 4275 Τ
1249 4220 1319 4273 66
1351 4218 1594 4271 maturius
1625 4219 1676 4271 Τ
1827 4219 1897 4272 76
1930 4217 2054 4270 civn‘s
2074 4220 2146 4272 L:
2184 4219 2327 4288 apud
2351 4219 2412 4270 M
2430 4217 2587 4274 cuius.

664 4295 884 4366 prutecit.
909 4295 963 4346 M
1091 4330 1097 4336 -
1170 4289 1238 4346 83
1271 4287 1420 4342 atich
1450 4287 1581 4342 indis
1610 4290 1688 4355 T,
1722 4276 1986 4344 A'riobindi
2009 4289 2086 4343 M.
2155 4289 2374 4345 correxit
2398 4290 2457 4344 la.

2728 4220 2859 4274 ibid.
