3210 5200
673 382 775 459 42
1360 444 1369 454 .
1464 449 1467 454 .
1544 409 1551 420 ·
1594 381 1930 454 coRm’I
2049 417 2054 428 =

836 562 970 633 post
995 551 1165 611 vobis
1188 547 1493 610 mandata
1499 546 1679 610 dabo.
1685 543 1721 574 ”
1760 551 1896 611 .sic
1922 565 2026 611 ore·
2053 550 2290 615 locutus

834 657 995 735 ipsos
1022 653 1249 733 privato
1273 653 1451 714 iussit
1476 650 1721 712 custode
1741 653 1951 729 teneri,

669 757 796 823 500
834 758 1010 817 fortia
1037 757 1196 815 sacta
1222 774 1460 834 parans.
1542 755 1670 816 illis
1696 774 2006 834 superesse
2033 703 2289 817 salutem

839 860 975 939 quis
1004 858 1195 936 potuit
1217 875 1456 935 sperare
1483 854 1669 916 viris?
1753 859 2039 936 patientia
2068 862 2277 940 magni

835 969 1057 1041 quanta
1085 956 1285 1018 ducis!
1308 981 1313 990 ·
1372 969 1599 1039 quanta
1628 961 1935 1038 estpietas
1967 963 2271 1044 virtusque
2302 959 2578 1042 regendi!

834 1063 1085 1121 barbara
1115 1059 1293 1120 eorde
1319 1071 1553 1120 tument
1579 1062 1792 1119 insano
1820 1081 2065 1122 accensa
2093 1064 2291 1124 furore
2307 1082 2328 1123 z
2581 1093 2584 1098 ·

830 1162 933 1223 hic
963 1165 1285 1223 clementer
1315 1164 1441 1241 agit
1456 1206 1474 1238 ‚
1517 1161 1835 1223 innodet-ans
1861 1167 2152 1242 gravitate
2179 1168 2418 1227 Latina.

665 1266 789 1334 505
829 1268 1023 1326 noluit
1053 1267 1261 1325 ulcisci
1294 1268 1595 1345 praesenti
1627 1277 1818 1325 morte
1845 1268 2154 1348 superbos,

832 1366 944 1430 sed
968 1370 1158 1428 voluit
1182 1368 1415 1428 salvare
1440 1366 1703 1428 humiles
1730 1369 2064 1450 fractosque
2092 1370 2316 1430 levam.

830 1471 920 1532 sic
938 1472 1128 1530 virtus
1152 1473 1425 1529 Romana
1450 1480 1659 1530 manet
1679 1485 2035 1552 semperque
2059 1470 2366 1530 mam-bite.

829 1575 1068 1651 corripit
1091 1583 1152 1632 et
1173 1574 1363 1631 salvat
1379 1616 1397 1647 ,
1432 1575 1676 1632 veniam
1706 1576 1997 1651 promittit
2022 1574 2095 1632 ab
2124 1575 2234 1631 ira.

914 1675 1149 1733 Extulit
1170 1684 1241 1733 ut
1266 1672 1447 1733 radiis
1475 1675 1786 1738 rutilantes
1809 1677 2049 1735 Lucifer
2071 1678 2244 1753 ignes

667 1781 793 1847 610
833 1779 1053 1839 Oceani
1082 1776 1352 1854 prolutus
1377 1778 1549 1856 ,aquis
1564 1819 1582 1850 ‚
1626 1785 1769 1833 tunc
1798 1787 1987 1838 castra
2012 1778 2244 1836 moveri

836 1889 1047 1938 cuncta
1071 1877 1237 1937 iubet
1263 1875 1472 1936 ductor
1501 1875 1832 1957 densasque
1865 1880 2032 1939 exire
2059 1876 2413 1957 phalangas.

833 1982 1006 2059 signa
1040 1999 1256 2038 canens
1281 1981 1467 2058 gemit
1495 1977 1823 2038 horrendos
1845 1981 1974 2038 fera
1996 1980 2243 2038 buccina
2271 1989 2480 2038 cautus

832 2103 972 2143 aere
1000 2102 1176 2157 cavo,
1222 2081 1543 2162 dulcesque
1572 2081 1823 2160 expellit
1847 2091 2084 2159 pectore
2109 2101 2372 2148 somnos.

838 2184 985 2244 dant
1010 2185 1240 2243 animos
1266 2186 1411 2242 socii
1454 2183 1720 2262 (clamor
1743 2185 1994 2242 tentoria
2016 2181 2264 2262 miscet)

661 2287 790 2357 515
829 2287 1258 2366 hortanturque
1277 2305 1506 2364 parem.
1589 2285 1805 2344 famuli
1827 2294 1971 2348 tuno
1993 2285 2116 2344 fixa
2143 2286 2437 2344 revellunt

830 2393 966 2452 vela
994 2390 1122 2456 solo
1136 2429 1154 2465 ‚
1198 2386 1464 2468 alipedes
1493 2385 1718 2448 ducunt
1744 2388 2128 2468 praesepibus
2152 2388 2288 2447 altis

828 2502 1067 2554 ornatos
1094 2488 1357 2570 phaleris
1372 2533 1391 2565 ,
1431 2499 1612 2569 atque
1640 2491 1840 2548 omnia
1868 2490 1989 2547 tela
2009 2498 2341 2549 resumunt.

826 2606 921 2656 ast
945 2595 1051 2654 ubi
1083 2595 1423 2674 compositis
1455 2592 1651 2671 coepit
1679 2588 2000 2677 procedere
2026 2594 2243 2653 turmis

823 2700 1214 2777 victricesque
1243 2696 1473 2776 aquilas
1500 2698 1660 2755 acies
1693 2692 2005 2754 ostendere
2033 2697 2292 2774 campis,

656 2805 781 2871 620
823 2802 911 2861 sic
939 2800 1095 2859 bene
1125 2797 1382 2856 sollicito
1411 2795 1762 2874 dispensans
1788 2807 2026 2875 pectore
2057 2795 2265 2856 ductor

826 2901 1110 2961 admonet
1137 2901 1266 2977 ipse
1295 2897 1476 2957 duces
1492 2942 1509 2973 ,
1550 2916 1760 2956 causas
1790 2898 2169 2978 referensque
2201 2896 2556 2979 docensque.

813 2994 894 3062 “o
923 3004 1193 3060 Romana
1217 3019 1463 3074 manus,
1507 3018 1642 3077 spes
1669 3018 1705 3057 o
1732 2995 2017 3057 fidissima
2046 3018 2264 3074 rerum,

823 3124 862 3163 o
891 3104 1077 3162 virtus
1106 3102 1382 3183 orbisque
1414 3100 1595 3160 decus
1622 3120 2043 3180 summumque
2071 3103 2348 3162 levamen

804 3206 1177 3287 *imperiique
1202 3204 1351 3264 fides
1380 3214 1438 3262 et
1464 3206 1654 3265 nostri
1676 3205 1880 3283 palma
1900 3198 2142 3280 laboris,
2195 3262 2198 3265 ,

658 3307 781 3373 525
826 3317 985 3367 certa
1013 3308 1155 3364 licet
1180 3307 1381 3381 vobis,
1423 3326 1577 3387 quae
1603 3308 1681 3366 sit
1707 3305 1921 3365 fiducia
1949 3309 2147 3386 genti,
2191 3317 2300 3381 est,
2369 3382 2372 3387 Ι

824 3411 954 3489 ipse
980 3418 1183 3466 tamen
1209 3427 1538 3469 memorem
1558 3405 1806 3467 insidias
1829 3406 2186 3489 fraudesque
2216 3407 2518 3489 dolosque,

823 3522 887 3571 et
914 3510 1233 3570 metuenda
1261 3531 1505 3588 cavens,
1552 3520 1612 3569 et
1642 3530 1793 3589 quae
1819 3494 2159 3589 perage'nda
2188 3512 2517 3570 revolvens.

821 3615 1049 3696 proelia
1075 3612 1223 3673 dura
1251 3613 1403 3675 dolis
1429 3632 1740 3693 nunquam
1767 3632 2005 3675 caruere
2033 3613 2334 3689 malignis.

818 3718 980 3775 bella
1006 3736 1117 3796 per
1137 3715 1384 3777 insidias
1415 3718 1569 3775 acies
1595 3716 1897 3773 Maurusia
1922 3716 2107 3793 gessit

652 3819 778 3886 530
818 3838 1084 3898 semper,
1130 3829 1189 3877 et
1212 3820 1473 3879 obscuris
1498 3816 1692 3876 fidens
1716 3814 1981 3883 subsedit
2004 3818 2068 3875 iu
2095 3815 2310 3891 armis3

818 3921 1062 4001 solaque
1089 3922 1381 4001 Massylas
1410 3929 1605 3979 servat
1635 3919 1872 3976 fallacia
1900 3919 2057 3979 vires

816 4030 877 4079 et
905 4020 1145 4082 timidos
1174 4023 1394 4080 bellare
1425 4022 1566 4078 facit
1583 4063 1621 4093 ,‚
1647 4017 1791 4076 dum
1819 4039 1967 4079 saxa
1990 4018 2246 4077 latebras

704 4126 725 4159 ’·
812 4125 1113 4184 montibus
1138 4127 1201 4182 in
1226 4123 1477 4183 summis
1506 4130 1610 4179 sut
1633 4121 1770 4179 altis
1801 4123 2043 4179 flumina
2073 4122 2219 4199 ripis

644 4277 749 4398 {5¹¹2
779 4273 942 4396 3321?
928 4343 1006 4409 Ia
1052 4271 1257 4395 0005135ιὶ
1288 4275 1503 4394 famu
1525 4270 1640 4394 15’19
1674 4269 2124 4412 udafiolsmaastlinure
2149 4271 2299 4397 Τ530
2331 4242 2756 4394 αιιῐῗίῗὲρωιαω.
2783 4269 2832 4321 Τ
