3210 5200
1020 403 1387 475 FOGGINI
1429 405 1914 477 PRAEFATIO.
2407 429 2550 479 1.le

371 575 529 633 ribus
555 568 1027 653 typographicis.
1111 574 1341 653 Gaspar
1368 573 1648 635 Barthius
1687 574 1986 656 (Adusta.
2018 574 2064 634 ἰ.
2102 578 2179 642 17
2216 599 2269 636 c.
2300 575 2425 656 83)
2471 575 2545 637 de

365 698 433 738 se
471 678 600 756 ipso
636 677 1053 735 testimonium
1079 674 1383 755 perhibet,
1425 676 1589 759 quod
1616 699 1650 736 a
1676 699 1861 758 puero
1887 688 2177 757 sategerat
2206 690 2399 739 totum
2429 682 2547 740 Co·-

371 781 607 859 rippum
649 798 961 837 recensere
979 823 997 853 ,
1040 789 1108 836 ut
1147 781 1307 857 typis
1351 783 1778 856 committeret,
1827 779 1937 840 sed
1978 783 2043 838 in
2090 784 2387 861 proposito
2431 801 2543 841 ne·

370 901 675 962 quaquam
717 882 1075 961 permansit,
1120 889 1181 937 et
1215 879 1592 940 solummodo
1623 884 1825 960 plures
1843 926 1861 957 ,
1907 879 2108 942 doctas
2142 902 2284 941 sane
2312 894 2384 961 et,
2402 903 2544 941 acu-

371 994 497 1058 tas,
538 988 606 1043 in
645 987 965 1063 Coi-ippum
1004 979 1546 1041 animadversiones
1576 986 1699 1042 suis
1730 982 2222 1043 Adversariorum
2251 987 2418 1044 libris
2447 989 2545 1044 in·-

369 1090 669 1145 terseruit.
750 1088 993 1144 tertium
1028 1086 1211 1162 igitur
1242 1082 1437 1143 editus
1481 1096 1570 1144 est
1619 1087 1905 1165 corippus
1949 1089 2022 1144 ab
2059 1085 2297 1147 Andrea
2329 1090 2545 1147 Rivino

370 1190 610 1266 Lipsiae
641 1206 698 1245 a.
736 1187 895 1254 1655
914 1232 931 1263 ,
976 1185 1256 1268 quartum
1288 1207 1324 1244 a
1346 1189 1590 1246 Nicolao
1619 1187 2010 1248 Rittershusio
2042 1190 2274 1247 Altorfii
2298 1194 2547 1249 Norico-

366 1311 505 1349 rum
530 1310 585 1349 a.
614 1287 808 1365 1664,
855 1308 925 1348 ac
973 1287 1218 1347 demum
1262 1291 1538 1370 quintum
1581 1291 1655 1348 ab
1696 1289 1934 1349 Andrea
1972 1292 2249 1366 Goetzi0,
2294 1295 2397 1373 qui
2422 1296 2548 1351 No-

368 1394 698 1471 timber-gae
741 1389 968 1470 degens
1007 1390 1331 1449 editionem
1371 1391 1601 1449 Nicolai
1639 1392 2017 1452 Rittershusii
2058 1397 2275 1453 iterum
2314 1394 2546 1453 Altorfii

368 1516 427 1554 a.
460 1493 620 1560 1743
663 1491 868 1552 recudi
908 1495 1169 1568 curavit,
1230 1492 1487 1550 Conradi
1533 1493 1909 1554 Rittershusii
1951 1499 2000 1554 1.
2047 1497 2114 1554 C.
2149 1500 2305 1554 notis
2323 1541 2339 1570 ,
2396 1516 2543 1577 quas

363 1600 649 1659 Nicolaus
690 1598 849 1656 filius
889 1598 1010 1655 suis
1055 1598 1410 1671 sociaverat,
1476 1616 1614 1654 cum
1658 1595 2028 1677 autographo
2076 1601 2422 1677 recognitis,
2483 1609 2544 1657 et

369 1698 736 1781 quibusdam
776 1719 809 1756 e
842 1719 999 1778 penu
1029 1700 1210 1757 etiam
1242 1717 1350 1756 suo
1380 1697 1807 1778 superadditis,
1853 1696 1960 1756 sed
1985 1719 2135 1779 quae
2163 1703 2386 1760 nullius
2414 1703 2541 1759 fere

367 1805 553 1883 pretii
592 1810 761 1875 sunt;
805 1820 920 1882 qua
964 1799 1039 1859 de
1078 1822 1140 1859 re
1189 1820 1269 1858 ex
1308 1820 1379 1858 eo
1429 1801 1626 1859 solum
1668 1802 1933 1882 aliquam
1971 1814 2232 1862 meretur
2275 1801 2540 1879 laudem,

367 1890 548 1988 quod·
566 1925 785 1984 nempe
828 1923 1047 1963 vocum
1089 1906 1356 1962 omnium
1399 1902 1697 1978 Iudicem,
1743 1924 1823 1962 ex
1860 1905 2074 1986 quibus
2099 1917 2374 1966 contexta
2403 1917 2542 1966 sunt

364 2011 608 2089 Corippi
655 2010 916 2066 carmina
935 2053 951 2082 ‚
995 2009 1221 2087 primus
1249 2005 1546 2065 adiecerit.
1631 2017 1865 2086 praeter
1890 2005 1999 2067 has
2029 2012 2286 2090 quinque
2324 2011 2542 2068 carmi-

363 2131 514 2170 num
558 2113 802 2189 Corippi
841 2109 1131 2168 editiones
1165 2111 1395 2168 nullam
1430 2111 1570 2168 novi
1601 2129 1731 2167 esse
1763 2109 1973 2185 aliam,
2029 2115 2138 2170 etsi
2165 2113 2365 2191 plures
2391 2114 2540 2171 alios

362 2217 506 2274 novi
552 2211 815 2271 eruditos
861 2215 1155 2271 exstitisse
1194 2215 1386 2287 viros,
1436 2214 1538 2292 qui
1575 2213 1681 2269 illa
1721 2214 1940 2271 iterum
1975 2215 2241 2293 expolire
2268 2213 2540 2272 meditati

363 2328 522 2377 sunt.
607 2314 676 2374 id
705 2319 869 2373 enim
892 2317 957 2372 in
983 2335 1048 2372 se
1078 2322 1378 2392 receperat
1408 2314 1748 2390 Maltretus,
1794 2319 2160 2396 asseruitque
2201 2318 2389 2375 multo
2432 2336 2536 2374 oa-

368 2423 701 2499 stigatiores
727 2437 791 2476 se
821 2436 995 2496 posse
1026 2418 1264 2494 Corippi
1291 2416 1472 2473 libros
1498 2413 1695 2490 edere,
1721 2421 2082 2495 praeteriens
2111 2428 2312 2475 tamen
2343 2416 2541 2476 dicere

370 2544 450 2582 an
497 2517 871 2581 solummodo
912 2538 991 2576 ex
1030 2520 1415 2591 coniecturis,
1460 2535 1538 2574 an
1582 2537 1726 2577 vero
1771 2538 1850 2576 ex
1897 2520 2127 2602 aliquo,
2173 2521 2276 2599 qui
2308 2521 2364 2576 ei
2400 2529 2545 2577 tuno

369 2630 526 2688 forte
557 2626 893 2699 innotuerit,
936 2642 1032 2681 ms
1063 2619 1284 2679 codice.
1371 2639 1488 2700 qua
1512 2640 1654 2678 vero
1685 2619 1760 2678 de
1789 2641 1967 2679 eausa
1994 2623 2351 2700 promissum
2378 2618 2544 2679 haud

369 2733 618 2793 solverit
642 2748 762 2787 non
791 2725 983 2799 subitr,
1026 2721 1189 2804 quod
1216 2742 1402 2802 aeque
1431 2720 1658 2779 dicuun
1687 2724 1823 2781 volo
1854 2722 1929 2780 de
1958 2726 2216 2804 Leysero
2239 2769 2256 2798 ,
2301 2727 2402 2804 qui
2419 2769 2435 2799 ,
2478 2727 2544 2782 in

370 2841 690 2912 conspectu
714 2829 971 2908 corporis
995 2832 1306 2906 poetarum
1327 2827 1677 2884 Latinorum
1699 2823 1886 2884 medii
1911 2828 2061 2901 aevi,
2107 2828 2345 2904 Corippi
2364 2827 2548 2885 libros

365 2933 701 3014 refingendi
738 2952 819 2990 ex
854 2928 1209 2988 editionibus
1252 2931 1446 2987 Rnizii
1488 2948 1558 2986 ao
1582 2931 1922 3007 Dempsterl
1954 2948 2124 3009 spem
2152 2931 2371 3008 pariter
2402 2931 2549 2988 fecit

364 3043 707 3121 pariterque
736 3051 1032 3114 nusquam
1065 3034 1288 3110 exegit.
1377 3030 1622 3090 demum
1650 3052 1784 3105 cum
1815 3051 1971 3090 nova
2005 3031 2153 3089 haec
2184 3052 2318 3090 mea
2345 3033 2547 3091 ferve-

362 3155 458 3202 ret
502 3139 684 3200 editio
705 3182 721 3213 ,
771 3156 847 3194 en
889 3132 1041 3192 mihi
1085 3135 1322 3193 obviam
1360 3133 1427 3191 fit
1460 3134 1720 3192 Cornelii
1748 3134 1880 3193 val.
1913 3131 2166 3194 Vonckii
2194 3136 2548 3213 opusculum

365 3245 634 3305 Traiecti
662 3239 892 3302 editum
926 3257 983 3295 a.
1012 3234 1207 3311 1744,
1252 3239 1347 3294 oui
1373 3238 1582 3294 titulus
1621 3236 1931 3314 Specimen
1964 3237 2251 3295 Critieum
2267 3279 2291 3307 ,
2334 3239 2398 3294 in
2425 3257 2544 3316 quo

367 3350 574 3429 plures
598 3348 663 3407 in
697 3343 1021 3419 Corippum
1049 3339 1489 3397 emendationes
1521 3349 1947 3418 proponuntur,
1991 3360 2102 3397 nec
2126 3359 2249 3397 non
2274 3337 2545 3397 eiusdem

368 3448 588 3510 eruditi
626 3449 739 3506 viri
771 3445 909 3503 libri
935 3440 1053 3500 duo
1083 3442 1437 3499 Lectionum
1462 3441 1827 3499 Latinarum
1860 3445 2130 3522 sequenti
2160 3461 2314 3499 anno
2349 3444 2413 3499 in
2441 3442 2542 3499 lu·-

370 3572 509 3612 oem
545 3550 775 3624 emissi,
817 3547 922 3605 ubi
967 3545 1115 3602 alias
1154 3564 1388 3626 quoque
1425 3548 1490 3603 in
1530 3542 1790 3602 eundem
1815 3546 2137 3623 Corippum
2170 3542 2541 3604 emendatio-

367 3673 485 3713 nes
511 3654 828 3724 ministrat,
872 3657 1290 3727 praetereaque
1318 3645 1623 3724 profitetur
1652 3647 1973 3725 Coi-ippum
1997 3657 2191 3705 totum
2213 3649 2542 3708 innumeris

364 3758 522 3815 locis
575 3750 1035 3812 emendatiorem
1075 3746 1310 3807 dedisse
1329 3792 1345 3823 ,
1390 3760 1448 3808 et
1474 3751 1597 3806 iam
1632 3750 1698 3806 in
1727 3752 2031 3829 procinctu
2063 3770 2191 3808 esse
2221 3760 2289 3807 ut
2315 3753 2544 3829 primus

368 3878 510 3916 cnm
536 3855 812 3914 omnibus
843 3852 1153 3911 doctorum
1173 3852 1330 3909 notis
1359 3861 1417 3907 et
1444 3870 1581 3908 cura
1611 3853 1793 3911 etiam
1823 3872 1930 3912 sua
1971 3856 2294 3912 auctiorem
2319 3852 2542 3929 ederet,

369 3960 689 4019 consilium
710 3967 912 4015 tamen
941 3953 1178 4013 differre
1206 3963 1405 4011 contra
1430 3963 1637 4016 votum
1663 3952 1958 4030 debuisse,
1996 3954 2234 4014 alitmde
2261 3958 2374 4015 sibi
2397 3957 2543 4015 gub..

369 4059 512 4122 sidii
535 4081 640 4139 spe
667 4069 806 4116 nata
834 4055 914 4115 ad
942 4076 1080 4115 eum
1106 4059 1300 4135 magis
1324 4051 1757 4117 exos-nandum.
1842 4061 2071 4116 utinam
2093 4055 2395 4118 Vonokius
2424 4068 2549 4116 tam

368 4163 525 4218 bene
560 4171 912 4239 conceptum
943 4170 1003 4217 et
1026 4171 1153 4218 tam
1177 4160 1412 4238 prolixe
1453 4164 1815 4239 promissum
1845 4180 1994 4240 opus
2022 4160 2352 4240 exegisset!
2440 4157 2550 4217 sed

366 4260 582 4319 eadem
629 4263 790 4319 mala
834 4263 1108 4336 fortuna,
1153 4282 1271 4342 qua
1305 4264 1366 4318 in
1399 4263 1631 4324 irritum
1662 4285 1890 4327 cessere
1918 4266 2177 4331 Malu-eti
2206 4285 2276 4324 ac
2306 4263 2552 4342 Leyseri

358 4364 612 4424 consilia
625 4409 644 4443 ,
690 4362 811 4434 boc„
835 4386 1072 4450 quoque
1100 4366 1273 4426 nobis
1301 4364 1537 4428 invidit.
