3210 5200
957 417 1073 483 DE
1118 415 1536 491 nummus
1582 414 1917 489 ποετ-11η.
1977 518 1983 525 .
2379 420 2535 493 365.

350 590 561 648 nusiao
598 584 897 645 medicam
919 580 1176 664 fulgent
1208 583 1430 643 vellera
1448 582 1630 661 suco.
1718 581 1864 642 inde
1902 584 2206 663 Campana
2243 586 2528 664 peristroe

348 684 508 733 mata
544 681 690 751 puto
736 668 982 728 laudata
1021 669 1236 728 Plauto
1271 668 1586 727 Pseudolo.
1633 670 1882 729 But-rn-
1957 669 2152 747 pellea
2178 671 2527 741 Parthicae,

350 778 498 839 quas
537 767 740 815 noster
784 753 1079 813 Parthica
1121 764 1355 833 tergora
1388 751 1699 832 adpellitat
1715 798 1732 830 ,
1772 764 2178 813 memorantur
2203 773 2439 835 quoque
2461 758 2528 815 in

346 845 394 903 l.
426 846 504 906 16
542 838 645 921 §7
678 841 755 898 D.
787 838 862 907 de
900 839 1122 918 public.
1164 850 1223 897 et
1260 841 1512 917 vectig.:
1555 838 1756 897 Pelles
1797 838 2151 910 Parthicae,
2192 838 2363 910 ebur,
2385 841 2527 917 ser-

349 949 487 986 rum
521 924 822 985 Indicum.
915 926 1187 1004 quamvis
1223 922 1471 1004 quidam
1512 923 1747 989 codices
1783 928 1892 1003 pro
1926 923 2226 989 Parthica,
2252 920 2353 981 hic
2379 928 2529 983 scri-

350 1024 525 1092 ptum
559 1008 822 1069 habeant
859 1009 1272 1079 Baamestiae,
1309 1010 1601 1068 referente
1643 1012 1754 1068 Pio
1796 1013 1937 1068 Ant.
1969 1010 2274 1069 Bartolino
2305 1007 2528 1067 Adnot.

350 1101 417 1155 in
450 1099 643 1175 Leges
674 1116 804 1175 cap.
832 1094 913 1158 65
958 1093 1219 1175 (Gruter.
1246 1094 1431 1173 lamp.
1463 1104 1509 1152 t.
1544 1098 1578 1159 1
1611 1096 1751 1174 syll.
1773 1092 1878 1172 8).
1908 1096 2149 1154 Voucx.
2237 1094 2530 1153 Parthica

356 1193 592 1260 tergora
628 1192 767 1240 sunt
797 1179 988 1259 pelles
1014 1177 1324 1237 Parthicae
1343 1224 1358 1254 ,
1399 1198 1652 1258 quarum
1676 1182 1957 1260 frequens
1980 1184 2204 1239 mentio
2234 1178 2396 1258 apud
2420 1201 2528 1238 ve-

353 1278 542 1340 teres3
586 1269 730 1324 etin
761 1262 982 1337 codice,
1013 1266 1118 1343 qui
1145 1285 1243 1323 eas
1274 1265 1575 1337 curabant,
1608 1264 1962 1324 Parthicarii
1995 1264 2288 1324 dicuntur.
2333 1266 2530 1324 Foco.

353 1355 418 1410 in
458 1371 552 1409 ms
574 1352 741 1429 sugo
786 1349 1131 1428 legebatur3
1173 1370 1287 1408 nec
1315 1359 1518 1408 tamen
1546 1353 1799 1408 memini
1830 1349 1992 1429 apud
2015 1351 2279 1430 aliquem
2307 1370 2407 1408 me
2435 1351 2529 1408 le-

351 1440 540 1515 gisse,
583 1438 690 1516 qui
736 1436 814 1494 sit
857 1436 1195 1513 Campanus
1237 1435 1429 1493 fucus.
1515 1445 1748 1513 septem
1781 1455 1955 1514 porro
1986 1456 2191 1495 versus
2218 1434 2358 1494 huic
2387 1448 2532 1515 pro-

352 1525 516 1580 xime
557 1522 986 1600 subsequentes
1024 1522 1247 1598 optime
1284 1529 1423 1578 sunt
1459 1522 1787 1598 integritati
1825 1540 1968 1580 suae
1999 1523 2285 1595 restituti,
2334 1541 2468 1579 cum
2495 1540 2531 1579 a

351 1607 610 1666 librario.
639 1607 891 1664 fuissent
929 1606 1373 1683 perversissime
1417 1603 1715 1683 descripti.
1778 1606 1963 1665 Rmz.
2073 1604 2400 1664 notandum
2442 1616 2530 1664 est

354 1688 714 1751 Michaelem
739 1692 1087 1768 Assagrium
1114 1688 1654 1769 impudentiuscule
1680 1691 1922 1764 fecisse,
1968 1688 2132 1770 quod
2160 1710 2332 1749 suam
2357 1693 2535 1765 nobis

357 1787 587 1855 septem
609 1779 970 1854 integrorum
992 1796 1274 1834 versuum
1300 1777 1723 1834 correctionem
1752 1776 2021 1849 obtrusit,
2065 1779 2250 1834 veteri
2275 1777 2533 1835 lectione

360 1860 610 1935 codicis,
654 1881 834 1942 quem
870 1881 1057 1919 unum
1091 1862 1408 1941 solumque
1446 1871 1683 1918 exstare
1719 1857 2009 1919 hactenus
2047 1879 2168 1919 non
2201 1861 2531 1939 ignorabat,

361 1945 731 2009 dissimulata
748 1991 768 2021 ,
810 1966 946 2005 cum
980 1966 1044 2005 se
1082 1966 1183 2005 eos
1210 1947 1684 2024 corruptissimos
1715 1947 2014 2004 invenisse
2055 1946 2332 2005 fateatur.
2419 1949 2539 2005 ita-

359 2052 476 2113 que
516 2052 903 2113 quaecunque
931 2034 996 2089 in
1023 2033 1407 2091 obscurorum
1434 2051 1643 2090 eorum
1672 2031 2071 2109 explicatione
2108 2030 2406 2105 dicemus,
2463 2032 2538 2090 ob

360 2119 563 2178 amalos
589 2128 792 2179 tamen
819 2137 1056 2197 semper
1080 2117 1253 2176 nobis
1282 2117 1691 2175 obversabitur
1717 2119 1915 2196 potius
1940 2134 2050 2174 nos
2073 2117 2269 2174 Ruizii
2291 2118 2542 2175 alicuius

360 2223 543 2284 quam
573 2207 700 2267 eius
731 2206 1034 2281 scriptoris
1063 2205 1323 2263 sermoni
1366 2221 1611 2281 operam
1644 2200 1787 2259 dare
1820 2220 2001 2282 quem
2033 2220 2142 2279 pro
2173 2220 2320 2260 aevo
2350 2212 2409 2259 et
2440 2222 2542 2261 co-

358 2293 461 2367 pia
511 2286 590 2346 ad
644 2288 1042 2347 eruditionem
1101 2288 1427 2366 perfectam
1472 2289 1806 2347 necessaria
1845 2304 2210 2365 magnopere
2250 2304 2543 2346 amamus.

362 2393 506 2439 sane
549 2370 866 2451 dupliciter
892 2374 1136 2430 Ruizius
1163 2374 1462 2450 peccavit:
1508 2371 1782 2430 ordinem
1810 2373 1972 2430 enim
1998 2391 2278 2429 versuum
2308 2374 2544 2431 luxavit

367 2457 524 2533 [109
562 2467 622 2514 et
665 2461 787 2519 110
828 2467 964 2514 ante
1015 2460 1131 2521 107
1171 2458 1450 2535 positisJ,
1500 2467 1559 2515 et
1596 2458 1817 2536 pusillo
1866 2454 2087 2516 mendo
2133 2456 2275 2537 [qui
2296 2476 2354 2515 v.
2386 2459 2541 2536 109]

361 2563 484 2602 non
529 2540 956 2610 animadverso.
989 2539 1257 2600 hiantem
1301 2541 1727 2624 difficilemque
1763 2544 2118 2603 sententiam
2150 2544 2545 2602 concinnavit.

364 2630 500 2708 quis
546 2631 743 2701 enim,
788 2647 1040 2707 quaeso,
1078 2638 1203 2685 tam
1239 2638 1489 2706 negator
1527 2632 1639 2686 erit
1675 2631 1780 2709 qui
1819 2649 1942 2688 non
1984 2631 2337 2688 assentiatur
2371 2628 2546 2687 nobis

362 2712 479 2784 hoc
525 2712 667 2793 [qui
687 2716 811 2772 iam
838 2716 1141 2772 restitutus
1167 2715 1288 2793 est]
1336 2712 1541 2771 ordine
1569 2725 1883 2794 conceptos
1915 2733 2045 2774 esse
2073 2733 2108 2772 a
2132 2716 2386 2793 Corippo
2407 2734 2547 2772 ver-

364 2796 631 2858 siculos?
718 2817 871 2878 quae
932 2796 1204 2857 difficilis·
1233 2796 1641 2878 impeditaque
1691 2810 1844 2875 erat,
1912 2802 1998 2860 sic
2042 2798 2292 2858 meridie
2338 2800 2551 2868 clarior

365 2887 658 2944 sententia
705 2881 977 2943 habetur.
1064 2885 1297 2962 scripsit
1337 2903 1480 2942 vero
1520 2886 1692 2963 quia,
1738 2882 1964 2944 duabus
1992 2886 2239 2965 syllabis
2266 2887 2330 2943 in
2360 2904 2548 2943 unam

366 2971 711 3043 contractis,
758 2967 920 3049 quod
951 2988 1075 3028 non
1105 2971 1299 3047 potuit
1330 2967 1801 3029 animadvertere
1822 2969 2023 3029 ¹editor
2051 2974 2374 3050 Hispanus.
2459 2972 2547 3029 sic

365 3074 608 3116 causam
636 3057 899 3133 assignat
927 3075 1031 3113 cur
1058 3064 1115 3112 et
1139 3052 1395 3134 pedibus
1427 3057 1740 3114 conveniat
1765 3058 2022 3116 Romani
2054 3059 2337 3136 principis
2370 3076 2547 3115 cruo-

364 3142 447 3199 ris
475 3140 654 3199 color.
743 3149 867 3198 erat
894 3151 1025 3198 tum
1055 3138 1217 3218 apud
1249 3142 1505 3200 Graecos
1529 3144 1919 3222 imperatores
1947 3144 2128 3200 moris
2161 3139 2395 3200 hostem
2423 3160 2545 3198 non

364 3227 530 3303 prius
569 3224 896 3284 edomitum
935 3235 1145 3305 putare
1189 3244 1371 3304 quam
1411 3246 1548 3284 cum
1585 3225 1841 3305 pedibus
1879 3229 2007 3285 eius
2051 3227 2205 3285 collo
2240 3227 2546 3306 impressis

366 3311 669 3369 Romanus
695 3313 971 3389 princeps
1002 3307 1376 3387 triumphum
1406 3310 1738 3368 solemnem
1775 3309 1849 3368 de
1879 3333 1950 3370 eo
1977 3315 2324 3391 peregisset.
2413 3330 2554 3370 eum

368 3413 598 3454 morem
638 3393 826 3454 habes
867 3398 932 3453 in
977 3393 1248 3453 eiusdem
1286 3391 1467 3452 huius
1508 3396 1721 3452 lustini
1750 3392 1998 3455 historia
2031 3409 2346 3476 cognatum
2374 3417 2552 3456 suum

372 3476 587 3537 eodem
623 3482 868 3537 nomine
909 3481 1174 3539 tollentis
1188 3525 1207 3555 ‚
1270 3482 1438 3538 cuius
1477 3489 1540 3536 et
1578 3481 1880 3538 interemti
1923 3493 2100 3558 caput
2145 3502 2281 3540 cum
2323 3479 2553 3559 Sophia

371 3565 640 3640 coniuge
665 3566 1064 3641 conculcavit,
1115 3563 1274 3645 apud
1305 3562 1710 3642 Nicephorum
1741 3564 2053 3622 Callistum
2078 3566 2157 3629 17
2200 3564 2280 3627 84
2298 3607 2314 3638 ,
2365 3583 2400 3622 a
2432 3583 2551 3646 quo

369 3650 656 3727 scriptore
683 3647 755 3707 de
782 3646 898 3708 hoc
921 3652 1188 3730 principe
1215 3651 1331 3709 alia
1358 3651 1559 3710 omnia
1581 3658 1897 3707 narrantur
1922 3668 2103 3729 quam
2137 3659 2198 3706 et
2229 3668 2262 3706 a
2295 3651 2551 3728 Corippo

365 3743 571 3793 nostro
626 3743 685 3791 et
730 3735 863 3793 aliis
904 3737 1354 3815 antiquioribus.
1438 3754 1549 3794 nos
1596 3754 1739 3793 vero
1784 3733 2071 3793 fabulosis
2115 3736 2555 3795 narrationibus

370 3816 761 3878 addictiorem
788 3821 1102 3879 Callistum
1124 3823 1300 3881 illum
1325 3818 1551 3880 honore
1577 3821 1848 3899 praefato
1879 3821 2244 3898 seponimus.
2302 3817 2553 3882 Bia-ru.

368 3900 486 3962 hos
507 3924 714 3964 versus
739 3925 774 3963 a
796 3907 1005 3965 Ruizio
1032 3908 1297 3966 turbatos
1324 3916 1500 3986 atque
1530 3916 1832 3985 corruptos
1854 3909 1937 3964 ita
1958 3902 2238 3964 Barthius
2263 3903 2556 3986 disposuit

375 3998 555 4067 atque
599 3992 951 4067 perpolivit3
997 3990 1107 4052 sed
1134 4012 1193 4050 v.
1223 3994 1342 4055 109
1377 4012 1484 4070 pro
1514 3993 1661 4071 quia
1693 3992 1961 4051 sufficere
1991 3991 2201 4049 malim
2238 3995 2404 4072 queis
2446 4011 2556 4049 seu

376 4075 539 4149 quie,
578 4067 695 4130 hoc
740 4085 827 4132 est
862 4076 1128 4151 planti-8
1173 4085 1232 4135 et
1279 4079 1637 4135 sententiam
1679 4087 1900 4156 puncto
1936 4074 2286 4136 concludere
2327 4080 2390 4135 in
2434 4076 2551 4134 fine

373 4155 608 4218 v..110.
692 4157 993 4220 Vonckius
1043 4181 1281 4244 quoque
1328 4181 1408 4219 ex
1449 4159 1760 4221 cuiusdam
1801 4161 1960 4220 docti
1992 4164 2104 4220 viri
2130 4160 2352 4222 iudicio
2378 4163 2556 4219 resti-

266 4307 276 4320 ·
372 4234 668 4298 tuendum
703 4246 931 4303 censuit
975 4250 1166 4324 queis,
1216 4266 1400 4327 quam
1443 4248 1759 4307 lectionem
1796 4249 2065 4328 sequitur
2095 4243 2552 4324 Christophorus

373 4324 600 4383 Saxius
630 4325 698 4381 in
725 4327 1071 4407 Dcptychon
1091 4334 1334 4411 *Magni
1354 4331 1633 4391 comulis.
1724 4330 1834 4391 sed
1866 4335 2007 4414 quia
2035 4343 2246 4391 neuter
2272 4347 2552 4391 versuum

375 4411 790 4481 oeconomiam
834 4433 871 4474 a
909 4417 1120 4476 Ruizio
1159 4420 1579 4498 interpolatam
1627 4419 1912 4495 correxit,
1942 4459 1949 4466 ·
1976 4421 2242 4497 ineptam
2293 4415 2549 4493 Corippo
