3210 5200
638 364 783 439 164
848 368 1181 436 comem
1215 368 1330 434 DE
1360 368 1601 436 mon.
1628 368 1846 438 rusr.
1873 368 2053 437 mm.
2076 368 2362 438 PRAEF.
2391 370 2503 438 ET
2533 328 2811 439 nizmc.

674 538 761 599 20
800 544 860 594 te
890 547 1061 615 pater
1082 536 1486 613 omnipotens,
1528 554 1884 616 summaque
1910 537 1975 594 in
1998 532 2141 594 sede
2167 536 2403 595 locavit.

802 648 995 694 mater
1021 626 1254 693 consilii
1278 635 1532 714 placidis
1556 638 1883 715 vigilantia
1910 640 2122 696 vestris

803 758 1044 817 semper
1070 739 1227 796 inest
1254 740 1441 797 oculis
1458 783 1475 813 ,
1520 759 1824 819 quamque
1850 740 2015 797 omni
2042 748 2282 818 pectore
2313 751 2509 816 gestas
2528 785 2543 815 ,

802 840 962 897 alma
989 842 1279 917 Augusta,
1328 842 1416 898 tui
1444 860 1685 899 consors
1712 842 2017 919 Sapientia
2044 843 2235 918 regni.

804 950 871 997 tu
900 961 1138 1021 quoque
1156 986 1173 1016 ,
1213 944 1475 1000 iustitiae
1500 961 1724 999 nomen
1763 940 1838 999 de
1861 945 2106 999 nomine
2133 961 2408 1017 sumens,

675 1040 762 1105 26
803 1042 971 1100 frena
993 1040 1391 1121 regendorum
1418 1045 1637 1102 retines
1662 1043 2001 1102 firmissima
2034 1063 2266 1121 regum.

798 1145 1145 1203 numinibus
1172 1146 1362 1205 tribus
1390 1144 1484 1204 his
1510 1148 1735 1223 regitur
1758 1144 2154 1226 quodcunque
2181 1154 2477 1205 movetur.

802 1249 1073 1304 certatim
1097 1257 1307 1326 gentes
1334 1250 1602 1306 Romana
1629 1246 1708 1305 ad
1731 1245 1973 1306 foedera
2005 1258 2279 1306 currunt:

802 1352 1073 1428 principe
1100 1369 1207 1428 pro
1231 1351 1389 1408 iusto
1417 1352 1757 1408 Romanum
1781 1368 2007 1408 nomen
2034 1359 2287 1423 amatur,

804 1451 1035 1531 subque
1066 1452 1167 1529 pio
1197 1447 1440 1509 domino
1472 1453 1670 1508 cuncti
1692 1450 1847 1508 bene
1877 1452 2078 1510 vivere
2107 1463 2422 1531 quaerunt.

678 1556 765 1617 30
805 1555 909 1612 ille
936 1555 1152 1627 etiam,
1200 1553 1343 1611 solis
1373 1553 1477 1631 qui
1506 1573 1570 1611 se
1601 1554 1896 1611 subiactat
1920 1557 2202 1631 amicum,

775 1650 779 1658 ’
808 1654 994 1713 ardua
1018 1656 1348 1732 suspiciens
1376 1656 1702 1712 minuentis
1734 1674 1955 1715 cornua
1977 1658 2179 1731 lunae,

805 1760 1273 1834 noctivagosque
1306 1757 1508 1813 colens
1534 1765 1830 1813 astrorum
1861 1760 2112 1816 consulit
2138 1761 2328 1836 ignes,

808 1868 1054 1935 urgetur
1076 1869 1297 1915 terrore
1323 1868 1446 1931 tuo,
1491 1866 1889 1936 properatque
1923 1860 2248 1937 superbum

805 1960 1093 2017 inclinare
1122 1969 1298 2037 caput
1323 1959 1707 2038 subiectaque
1737 1978 1958 2037 ponere
1984 1962 2159 2019 colla.

679 2060 765 2126 85
809 2060 955 2142 quid
980 2062 1237 2139 Libycas
1266 2072 1493 2139 gentes,
1539 2060 1689 2141 quid
1712 2062 1944 2140 Syrtica
1966 2064 2193 2140 proelia
2219 2060 2414 2120 dicam

810 2164 934 2219 iam
958 2163 1126 2221 libris
1155 2164 1450 2241 completa
1476 2162 1676 2222 meis?
1738 2166 1966 2222 maiora
1997 2162 2247 2232 canendi

812 2274 1050 2344 tempus
1079 2263 1283 2323 adest:
1324 2266 1491 2323 senio
1519 2264 1831 2340 dextram,
1881 2267 2013 2344 pie,
2055 2267 2294 2344 porrige
2319 2266 2502 2325 fesso.

810 2376 880 2425 tu
905 2361 1057 2425 mihi
1078 2369 1396 2424 materiam
1421 2363 1663 2424 dicendi
1697 2368 1974 2425 carminis
2003 2378 2224 2446 aptam,

810 2469 1121 2548 ingenium
1146 2468 1529 2549 studiumque
1558 2468 1750 2528 dabis.
1837 2473 1936 2528 cui
1956 2472 2191 2528 vincere
2213 2471 2302 2529 fas
2329 2480 2421 2529 est

686 2569 772 2638 40
812 2570 1133 2631 indomitas
1163 2583 1373 2651 gentes
1403 2582 1461 2629 et
1486 2571 1736 2631 barbara
1765 2571 2019 2632 subdere
2047 2591 2248 2650 regua,

810 2678 986 2735 vince
1013 2695 1186 2732 meae
1210 2694 1454 2733 saevam
1484 2674 1759 2733 fortunae
1776 2719 1794 2750 ‚
1838 2672 2124 2752 deprecor
2143 2717 2160 2748 ,
2208 2677 2397 2733 iram:

813 2779 1051 2834 vincere
1075 2778 1379 2835 fortunam
1402 2777 1540 2854 plus
1566 2785 1656 2833 est
1680 2795 1864 2855 quam
1887 2779 2124 2832 vincere
2153 2777 2335 2835 bella.

814 2875 1077 2936 nudatus
1107 2881 1359 2957 propriis
1383 2887 1443 2935 et
1470 2877 1718 2932 vuhiera
1743 2878 2000 2954 plurima
2021 2895 2235 2954 passus

818 2977 896 3036 ad
926 2976 1231 3036 medicum
1258 2979 1418 3049 veni,
1466 2975 1740 3052 precibus
1762 2979 1861 3054 pia
1888 2987 2127 3055 pectora
2156 2980 2422 3058 pulsans,

689 3079 771 3146 45
813 3079 893 3140 ad
924 3078 1228 3138 medicum
1253 3079 1432 3136 verbo
1460 3088 1694 3154 pestem
1722 3080 1827 3158 qui
1853 3091 2188 3138 summovet
2215 3101 2338 3141 uno

817 3193 877 3240 et
908 3184 1037 3241 sine
1067 3182 1392 3260 composito
1418 3177 1818 3238 medicamine
1847 3182 2096 3238 vulnera
2123 3194 2311 3242 curat.

815 3282 959 3343 huic
988 3304 1100 3363 ego
1126 3283 1393 3356 sananti,
1435 3282 1489 3340 si
1520 3301 1640 3361 qua
1671 3293 1760 3340 est
1783 3281 2002 3341 fiducia
2030 3289 2237 3360 servis,

819 3400 1018 3466 grates
1045 3406 1283 3465 semper
1312 3405 1458 3464 ago,
1505 3393 1566 3442 et
1587 3405 1698 3463 pro
1727 3404 1974 3445 munere
2003 3391 2268 3447 carmina
2294 3401 2484 3469 porto.

1104 3807 2382 3956 DEDIGQATIO.

827 3958 1203 4062 Immensam
1233 3997 1450 4055 silvam
1473 3992 1754 4071 laudum,
1797 3999 1891 4057 vir
1921 3999 2107 4071 iuste,
2151 4008 2390 4056 tuarum

828 4101 1152 4177 aspiciens,
1197 4101 1387 4156 celsos
1418 4100 1577 4156 nitor
1602 4103 1945 4179 contingere
1972 4119 2169 4162 ramos

829 4200 1192 4278 grandiaque
1222 4219 1252 4255 a
1285 4201 1534 4258 summis
1560 4198 1877 4280 decerpere
1907 4221 2087 4280 poma
2113 4204 2397 4262 racemis:

828 4301 932 4359 sed
959 4320 1177 4379 parvus
1202 4304 1425 4358 maiora
1455 4313 1591 4380 peto
1609 4347 1625 4379 ,
1683 4323 1792 4362 nec
1824 4302 2115 4382 prendere
2145 4323 2392 4383 possum
