3210 5200
923 402 1015 470 lN
1057 399 1585 469 IOHANNIDOS
1633 397 1669 465 1
1715 399 2020 466 NOTAE.
2415 398 2563 470 221

542 572 688 635 312.
775 565 968 628 adieci
990 567 1222 648 frangi
1254 562 1332 624 ad
1370 565 1879 644 complementum
1912 583 2120 625 versus
2145 581 2227 622 ex
2254 562 2467 625 Claud.
2493 566 2568 624 de

376 666 559 736 raptu
589 658 868 733 Proserp-
897 657 931 717 1
960 653 1080 720 75:
1124 663 1181 709 et
1185 652 1434 731 stactae
1461 652 1709 708 redeunt
1734 653 1801 708 in
1829 650 2096 709 clatwtra
2113 652 2434 728 procellae.

543 760 692 821 313.
776 758 943 833 Virg.
993 755 1211 831 Georg.
1263 754 1297 814 1
1342 756 1500 817 397:
1565 754 1770 810 tenuia
1815 772 1924 810 nec
1966 751 2144 810 lanae
2179 772 2295 828 per
2335 752 2567 812 eaelum

376 841 789 919 vellemsern'.
881 838 1044 920 quod
1070 838 1437 895 Forcellinus
1466 839 1525 894 in
1551 837 1772 895 Lexieo
1799 839 2097 915 explicat:
2137 836 2251 894 hoc
2276 849 2361 893 est
2384 837 2568 896 nubes

375 927 666 985 vellerum
687 928 905 984 instar.
975 927 1059 982 sic
1082 926 1307 981 Lucan.
1334 921 1376 984 4
1413 922 1568 986 124:
1614 932 1671 979 et
1688 942 1816 1000 par
1839 921 2120 980 Phoebus
2150 924 2332 1001 aqui-9
2356 921 2573 980 densa-s·

377 1015 446 1070 in
476 1011 700 1069 vellera
722 1010 911 1068 nubes
933 1018 1250 1087 sparserat.
1283 1017 1287 1028 '

551 1110 695 1175 324.
780 1103 925 1189 puto
965 1115 1207 1189 poetam
1248 1109 1475 1187 Martis·
1513 1108 1773 1166 harenas
1804 1109 2110 1168 vocavisse
2140 1108 2434 1188 Africam
2473 1109 2570 1166 vel

382 1207 624 1277 propter
647 1197 807 1254 bella
836 1196 960 1252 fere
992 1195 1268 1251 continuo
1296 1195 1381 1250 ibi
1405 1192 1610 1251 habita
1640 1215 1675 1252 a
1702 1196 2009 1269 Romanis,
2041 1195 2141 1253 vel
2167 1206 2410 1273 propter
2438 1195 2574 1252 bel-

382 1285 635 1340 licosum
665 1280 956 1360 populum
994 1280 1259 1337 Africam
1300 1280 1683 1337 incolentem.
1768 1278 1988 1337 idcirco
2024 1291 2295 1352 narrant,
2352 1282 2456 1360 qui
2497 1277 2574 1335 de.

386 1370 614 1444 origine
645 1363 1020 1442 Carthaginis
1051 1367 1445 1442 scripserunt,
1492 1367 1800 1422 inventum
1829 1365 2012 1422 fuisse
2045 1376 2220 1444 caput
2250 1368 2424 1443 eqni,
2471 1367 2572 1444 qni

379 1454 555 1508 Marti
584 1461 672 1508 est
698 1471 893 1522 sacer,
940 1452 1002 1506 in
1031 1451 1158 1507 eius
1185 1447 1613 1508 fundamentis.
1702 1447 1864 1506 idem
1894 1461 2068 1529 caput
2096 1447 2383 1506 exhibent
2415 1452 2574 1506 anti-

382 1539 487 1615 qni
528 1538 760 1592 nummi
800 1537 965 1592 illius
1007 1536 1204 1607 urbis,
1263 1554 1517 1614 quorum
1558 1536 1760 1614 plures
1798 1538 1966 1593 aurei
2007 1536 2273 1614 argentei
2311 1544 2370 1592 et
2414 1536 2573 1592 aerei

382 1631 618 1678 exstant
650 1623 833 1678 etiam
864 1623 927 1676 iu
951 1640 1159 1677 museo
1183 1620 1506 1677 TrivultiO.

549 1726 695 1786 336.
780 1733 921 1778 nota
970 1721 1131 1801 quod
1171 1722 1454 1798 Virgilius
1500 1720 1682 1778 octies
1720 1720 1927 1800 incipit
1975 1740 2215 1779 versum
2270 1738 2351 1779 ex
2404 1717 2571 1779 hisce

385 1808 627 1865 vocibus
663 1806 841 1865 haud
866 1805 1082 1878 ali,ler
1123 1827 1400 1884 nempe
1376 1811 1534 1864 A-en
1574 1803 1616 1867 4
1639 1807 1794 1882 256,
1839 1807 1881 1871 5
1904 1806 2065 1881 592,
2109 1799 2148 1870 9
2178 1805 2304 1871 554
2334 1814 2392 1863 et
2424 1809 2570 1884 797,

386 1897 464 1955 10
496 1895 619 1955 360
650 1902 710 1949 et
736 1893 1018 1966 716,11
1051 1894 1209 1966 757,
1263 1902 1322 1948 et
1352 1895 1425 1954 12
1456 1895 1605 1954 723

546 1995 693 2057 338.
777 1996 1072 2053 Iuvencus
1097 1995 1371 2051 Prooem.
1402 1996 1521 2056 23·
1503 2031 1519 2048 .
1559 1991 1990 2068 flammivoma
2028 1991 2385 2051 descendens
2417 1991 2574 2051 nube

382 2097 700 2137 coruscans
723 2079 921 2137 iudex.

551 2161 633 2222 ih.
724 2163 1037 2222 Claudiam.
1066 2161 1140 2220 cle
1164 2171 1439 2241 mag-nete
1468 2179 1650 2218 carm.
1682 2158 1763 2225 48
1788 2160 1903 2225 5‘2:
1959 2172 2026 2219 tu
2064 2182 2358 2240 magnum
2398 2184 2577 2239 supe.-

383 2268 486 2305 ras
496 2247 765 2325 fulmen.
854 2250 942 2306 ibi
976 2245 1241 2327 Pyrrhus
1284 2250 1576 2325 interpres
1618 2247 1733 2304 nit:
1786 2257 1855 2304 tu
1895 2249 2087 2306 vineis
2117 2248 2583 2326 summumficl-

385 2353 699 2480 men-348.
781 2419 947 2495 Virg.
986 2417 1151 2476 Aen.
1202 2419 1244 2480 6
1287 2422 1360 2483 8:
1422 2414 1736 2473 obvertunt
1764 2414 1991 2494 pelago
2027 2436 2266 2493 proras.
2307 2426 2366 2475 et
2394 2421 2434 2480 7
2462 2418 2544 2483 35
2557 2436 2583 2477 ε

387 2512 689 2581 terraeque
726 2502 1029 2561 advertere
1072 2523 1293 2581 proras
1342 2503 1647 2586 imperat,
1708 2512 1767 2558 et
1819 2500 2012 2559 laetus
2054 2503 2260 2578 fluvio
2316 2504 2580 2560 succedit

386 2608 701 2737 οραω349.
785 2671 948 2752 Virg.
978 2671 1144 2731 Aen.
1178 2670 1218 2737 5
1246 2669 1329 2738 34
1343 2690 1363 2731 ε
1424 2683 1481 2729 et
1517 2672 1762 2731 tandem
1801 2671 1949 2730 laeti
1983 2680 2158 2730 notae
2183 2669 2579 2731 advertuntur

386 2776 623 2816 arenae.

554 2842 700 2906 350·
785 2863 844 2902 v.
876 2845 1126 2923 Procop.
1156 2841 1230 2900 de
1257 2839 1409 2900 bello
1442 2842 1647 2903 Vand.
1678 2847 1721 2909 2
1743 2844 1849 2907 28.

559 2942 735 3007 352.
787 2943 1038 3003 sortasse
1069 2943 1490 3024 compendium
1520 2926 1562 3001 e'
1584 2945 1701 3003 fuit
1726 2945 2013 3024 scriptmn
2044 2962 2154 3022 pro
2183 2944 2479 3003 consimili
2512 2967 2569 3001 ι·.

389 3023 543 3084 illud
581 3038 783 3086 autem
825 3039 1178 3107 usurpatum
1218 3050 1453 3109 semper
1482 3031 1596 3088 fuit
1626 3049 1733 3109 pro
1761 3041 1880 3101 est,
1934 3028 2096 3088 istud
2127 3049 2267 3088 vero
2296 3050 2403 3108 pro
2435 3051 2569 3087 con.

388 3116 552 3209 Virg.
586 3114 646 3172 G
652 3135 809 3192 eorg
862 3116 896 3175 1
928 3118 1083 3178 360·
1146 3116 1272 3172 iam
1308 3115 1427 3173 eibi
1468 3127 1596 3173 tum
1636 3118 1836 3173 curvis
1878 3115 2039 3172 male
2077 3125 2366 3191 temperat
2404 3115 2575 3171 unda

388 3199 631 3255 carinis.
720 3200 886 3256 Aen.
919 3203 960 3262 2
990 3202 1108 3261 23:
1158 3211 1214 3255 et
1240 3202 1417 3258 ειαιὶο
1444 3200 1730 3274 malefida
1763 3201 2008 3260 carinis.
2067 3210 2128 3258 et
2152 3203 2307 3265 179:
2347 3209 2406 3257 et
2433 3219 2575 3258 cut*-

388 3284 483 3340 νὶε
506 3303 704 3340 seeum
728 3284 1015 3341 advexere
1044 3286 1288 3343 carium.

557 3370 700 3430 353.
785 3367 949 3426 vada
974 3369 1141 3426 salsa
1164 3373 1329 3448 Virg.
1352 3369 1515 3427 Aen.
1548 3367 1587 3433 5
1621 3369 1763 3432 158.

560 3454 704 3516 367.
776 3454 1148 3523 Belisorium
1170 3457 1435 3515 Africam
1459 3454 1760 3533 appulisse
1785 3471 1898 3511 nos
1925 3449 2095 3511 docet
2120 3454 2343 3512 Paulus
2372 3451 2576 3512 ‹liaco-

388 3555 505 3594 nus
531 3534 685 3593 libro
720 3539 798 3601 18
829 3537 1211 3617 superaddito
1238 3542 1551 3599 Historiae
1581 3539 1885 3615 Eutropii,
1946 3539 2051 3596 ubi
2088 3540 2171 3595 ait
2212 3537 2375 3618 quod
2399 3542 2582 3597 Iusti-

390 3624 607 3679 nionus
648 3640 755 3699 per
786 3625 1145 3683 Belisarium
1188 3626 1607 3686 Vandalorum
1640 3633 1878 3701 gemem
1897 3665 1923 3693 ‚
1984 3634 2159 3700 capto
2201 3644 2403 3681 eorum
2445 3645 2586 3703 rege

402 3707 692 3764 Gilimere
703 3748 729 3777 ,
797 3729 985 3787 usque
1015 3711 1105 3769 ad
1139 3714 1593 3770 internecionem
1631 3707 1851 3766 delevit
1869 3749 1892 3778 ,
1952 3710 2361 3787 Asi-icamque
2397 3720 2585 3767 totam

381 3802 523 3868 post
543 3813 736 3849 annos
765 3795 847 3859 96
878 3796 1124 3872 imperio
1152 3799 1431 3855 Romano
1455 3796 1733 3853 restittat.
1783 3792 1891 3851 sed
1923 3814 2016 3852 res
2050 3795 2352 3872 praeclare
2382 3806 2582 3872 gestas

391 3879 565 3933 annis
600 3879 721 3940 533
751 3889 811 3936 et
840 3877 920 3943 34
951 3900 985 3938 a
1016 3884 1305 3941 Belisario
1346 3884 1535 3940 fusius
1564 3878 1876 3957 descripsit
1905 3881 2228 3957 Procopius
2271 3880 2405 3960 (qui
2445 3900 2585 3938 eum

392 3971 630 4018 secutus
669 3963 862 4021 fuerat
910 3968 973 4023 in
1014 3969 1121 4025 illa
1148 3966 1568 4046 expeditione,
1618 3976 1823 4045 utpote
1857 3966 2020 4023 illius
2048 3983 2105 4023 a
2114 3964 2385 4075 secretis)
2413 3967 2585 4024 libris

394 4043 625 4104 duobus
654 4046 730 4103 de
756 4047 909 4107 hello
948 4053 1017 4111 V
1002 4053 1287 4111 medolaco
1307 4053 1628 4130 inscriptis.

562 4135 705 4195 369.
799 4134 885 4190 Ca
877 4148 999 4212 put
1046 4138 1375 4199 Vadorum.
1466 4136 1758 4216 Procopio
1807 4136 1882 4196 de
1922 4134 2075 4193 bello
2128 4136 2330 4196 Vand.
2387 4137 2423 4197 1
2479 4131 2588 4198 14.

400 4210 802 4289 Capuduada.

564 4302 708 4363 373.
791 4323 1018 4361 ancora
1047 4327 1247 4368 morsu
1276 4309 1441 4387 Virg.
1476 4307 1642 4367 Aen.
1681 4311 1716 4370 1
1757 4309 1900 4370 173.

563 4385 713 4447 381.
795 4389 1148 4471 Procopius,
1201 4396 1308 4475 qui
1339 4392 1518 4454 huius
1552 4395 1837 4473 postremi
1863 4392 2022 4473 regis
2049 4388 2453 4452 vandalorum
2478 4386 2579 4447 hi-
