3210 5200
1199 396 1681 466 PRAEFATIO.
2422 420 2539 471 ux

350 578 551 625 tmnen
575 561 880 622 habentur
906 579 1039 620 rara
1064 572 1131 621 ut
1154 562 1260 622 vix
1284 584 1425 624 casu
1449 566 1646 624 ubivis
1669 564 1940 643 gentium
1962 584 2167 624 eorum
2190 564 2435 648 aliquod
2460 588 2538 629 ex

349 679 438 730 tot
476 665 840 725 editionibus
888 666 1239 744 exemplum
1281 687 1502 726 venum
1541 668 1884 745 expositum
1922 669 2167 745 reperiri
2215 672 2535 749 contingat,

349 771 551 851 qualia
582 765 865 827 laudatae
896 766 1234 845 Appendici
1268 770 1544 848 Corporis
1574 768 1858 829 historiae
1890 771 2256 847 Byzantinae
2287 774 2539 833 interse-

351 874 445 930 rui
460 917 477 945 ,
520 872 843 950 separatim
886 871 1071 927 etiam
1087 913 1105 943 ‚
1147 889 1265 950 qua
1309 868 1478 931 vides
1522 872 1716 929 sonna
1731 913 1747 944 ,
1793 871 2061 928 emittere
2094 876 2388 952 optimum
2415 877 2542 934 sore

351 971 506 1032 duxi
524 1017 543 1048 ,
585 984 653 1031 ut
697 975 760 1029 in
807 973 1024 1030 seriem
1064 972 1477 1047 classicorum,
1520 972 1628 1053 qui
1673 973 1831 1031 notis
1878 974 2180 1032 variorum
2211 973 2356 1033 editi
2383 986 2542 1050 sunt,

353 1076 649 1152 Corippus
698 1075 878 1133 etiam
925 1075 1131 1132 referri
1169 1084 1347 1154 queat
1388 1083 1449 1132 et
1485 1056 1680 1152 magis
1714 1074 2064 1133 innotescat.
2150 1096 2346 1157 neque
2385 1080 2546 1136 enim

353 1176 748 1235 litteratorum
770 1175 1087 1235 hominum
1112 1178 1267 1235 curis
1292 1178 1495 1235 minus
1522 1174 1690 1254 digni
1714 1186 1853 1235 sunt
1880 1179 2121 1256 corippi
2149 1179 2307 1237 libri.
2371 1180 2545 1257 plura

350 1278 419 1334 in
465 1279 553 1335 eis
595 1288 763 1336 acute
791 1282 1074 1357 concepta
1105 1289 1165 1337 et
1197 1278 1501 1357 eleganter
1528 1276 1686 1336 dicta
1719 1275 2160 1356 deprehendes3
2204 1291 2545 1359 praeterea-

355 1397 476 1459 que
516 1379 780 1458 locuples
823 1382 994 1438 testis
1040 1390 1130 1439 est
1175 1378 1464 1461 corippus
1504 1381 1834 1439 multarum
1868 1400 2066 1438 rerum
2093 1384 2376 1461 temporis
2411 1385 2544 1459 sui3

352 1499 473 1561 qua
512 1477 586 1539 de
629 1502 693 1539 re
742 1483 871 1541 eius
912 1484 1260 1541 auctoritate
1308 1492 1370 1541 et
1404 1479 1523 1540 fide
1567 1501 1693 1541 non
1736 1483 1930 1540 semel
1961 1501 2106 1541 usus
2134 1495 2227 1543 est
2252 1488 2544 1545 Baronius

352 1583 560 1641 statim
604 1603 673 1642 ac
712 1585 780 1642 in
821 1585 1020 1644 lucem
1063 1582 1322 1665 prodiit3
1367 1595 1426 1643 et
1451 1603 1601 1644 mox
1631 1580 1761 1642 lob.
1793 1585 2003 1643 Petrus
2031 1586 2123 1641 De
2152 1584 2444 1667 Ludewig
2477 1591 2543 1647 iu

356 1687 492 1743 eius
543 1685 1117 1746 commendationem
1168 1689 1436 1767 scripsit:
1514 1687 1751 1745 utinam
1814 1686 2104 1763 Corippus
2115 1731 2141 1758 ‚
2195 1691 2544 1770 Africanus

347 1786 541 1866 poe'ta
555 1829 582 1859 ,
645 1772 790 1847 esset
832 1792 900 1847 in
922 1791 1203 1869 plurium
1246 1785 1525 1848 mnibus
1544 1810 1563 1846 .·
1626 1788 1734 1847 sed
1768 1791 1894 1847 sius
1929 1789 2198 1868 exempla
2239 1791 2453 1850 Ruizii
2491 1800 2548 1848 et

358 1890 752 1950 Rittershuois‘
776 1912 898 1950 non
926 1894 1016 1950 ita
1043 1891 1239 1951 obm'a.
1330 1902 1582 1949 meretur
1612 1902 1762 1949 certe
1792 1893 1846 1949 is
1861 1892 2046 1970 poe'ta
2078 1892 2284 1950 recudi
2294 1914 2319 1965 ;
2365 1892 2546 1972 idque

354 1992 430 2052 ob
466 1993 681 2072 plures
721 2015 958 2053 causae.
1049 2016 1195 2054 nam
1241 1994 1571 2053 Iustiniani
1602 1993 1814 2054 laudes
1835 1999 2036 2067 canit,
2075 2016 2170 2053 res
2193 1995 2415 2053 luscini
2439 1994 2546 2053 de-

353 2094 567 2153 scribit
598 2100 949 2157 successoris
960 2141 987 2170 ‚
1028 2099 1208 2179 idque
1245 2100 1544 2179 ingeniose
1568 2099 2010 2179 prudetiterque
2018 2141 2046 2171 ,
2089 2108 2159 2156 ut
2196 2098 2374 2156 liceat
2407 2098 2547 2156 inde

359 2221 530 2260 nosse
558 2202 824 2260 curialia
849 2212 979 2260 tum
1005 2203 1155 2261 vitia
1179 2212 1307 2260 tum
1331 2203 1576 2260 virtutes
1612 2201 2032 2281 solemniaque.
2120 2200 2333 2282 quodsi
2367 2204 2548 2260 Nicos-

357 2304 490 2363 laus
519 2306 892 2363 Alemannus
910 2347 928 2378 ‚
981 2302 1375 2362 bibliothecae
1404 2307 1721 2364 vaticanae
1753 2305 1899 2361 olim
1926 2305 2258 2383 praefectus
2277 2349 2295 2379 ,
2340 2301 2550 2362 deces-

362 2425 463 2463 sor
483 2427 654 2464 meus
674 2451 690 2481 ,
733 2406 894 2465 hanc
922 2407 1059 2463 tulit
1090 2404 1373 2466 adversus
1403 2408 1726 2485 Corippum
1752 2425 2065 2463 censuram
2089 2407 2155 2462 in
2184 2406 2552 2483 praefatione

365 2505 451 2565 ad
473 2509 743 2588 Procopii
769 2511 1168 2568 Caesariensis
1194 2509 1379 2568 libros
1411 2510 1514 2588 qui
1541 2501 1832 2571 ἀνέκδοτα
1860 2508 2104 2566 inscribi
2131 2509 2353 2582 solent,
2389 2500 2553 2565 “Co-

367 2613 734 2688 rippustam
755 2612 1126 2692 improvidus
1154 2622 1237 2669 est
1262 2612 1594 2671 Iustiniani
1619 2621 1801 2689 atque
1820 2610 2041 2669 Iustina·
2065 2610 2347 2667 adulator
2371 2629 2556 2689 quam

368 2711 521 2770 levis
536 2715 726 2791 poeta
745 2736 764 2772 .·
807 2717 873 2774 in
898 2716 1150 2774 alterius
1173 2713 1330 2771 enim
1352 2710 1639 2769 laudibus
1668 2711 1969 2770 exsultans
2004 2711 2253 2769 alterius
2290 2712 2356 2768 in
2391 2713 2555 2769 vitu-

356 2817 733 2893 perationem
770 2817 1003 2876 labitur
1036 2819 1318 2875 incautus
1353 2812 1456 2873 vel
1479 2816 1688 2892 potius
1727 2815 2025 2875 adductus
2059 2817 2306 2874 veritate
2319 2808 2380 2889 ,”
2421 2815 2556 2872 ani-

363 2917 709 2980 madvertas
755 2923 894 2981 volo
938 2921 1136 2979 virum
1185 2920 1526 2999 ceteroquin
1578 2921 1851 2998 egregiae
1877 2917 2097 2978 indolis
2123 2929 2183 2976 et
2208 2915 2557 2977 eruditionis

364 3023 458 3080 ita
493 3025 749 3081 sensisse
791 3026 994 3084 nescio
1043 3043 1161 3104 quo
1206 3024 1516 3100 abreptum
1546 3023 1614 3080 in
1641 3024 2031 3081 Iustinianum
2056 3022 2286 3095 furore,
2328 3021 2554 3099 princi-

363 3145 511 3204 pem
547 3126 813 3204 profecto
843 3147 966 3186 non
993 3129 1120 3186 sine
1153 3126 1388 3202 magnis
1415 3126 1610 3199 vitiis,
1654 3122 1763 3183 sed
1799 3124 2005 3188 multis
2041 3142 2277 3203 quoque
2313 3123 2553 3181 virtuti-

362 3228 485 3285 bus
509 3231 912 3308 conspicuum.
997 3231 1050 3288 is
1075 3229 1243 3287 furor
1265 3226 1460 3285 effecit
1482 3238 1550 3285 ut
1572 3211 1942 3286 Alamannus
1965 3246 2042 3284 ne
2065 3228 2388 3303 corippum
2412 3227 2551 3305 qui-

371 3327 515 3388 dem
559 3333 764 3412 aequis
806 3332 994 3391 oculis
1037 3333 1299 3409 aspicere
1335 3331 1623 3408 potuerit,
1666 3330 1807 3408 quia
1835 3331 2066 3407 poetico
2095 3327 2359 3409 quodam
2384 3338 2552 3386 aestu

370 3443 434 3492 et
461 3432 793 3494 secundum
822 3435 1046 3494 saeculi
1067 3435 1161 3492 sui
1184 3451 1418 3490 morem
1447 3430 1650 3490 effusis
1674 3430 1950 3491 laudibus
1975 3434 2366 3491 Iustinianum
2392 3431 2553 3488 cele-

367 3536 592 3593 bravit.
670 3547 941 3596 ¹ceterum
979 3539 1318 3595 criticorum
1358 3535 1628 3594 omnium
1660 3536 1990 3594 communis
2021 3545 2112 3594 est
2144 3554 2354 3594 sensus
2374 3578 2391 3610 ‚
2438 3534 2555 3593 Co·
2590 3603 2596 3608 „

372 3637 618 3716 rippam
648 3659 760 3698 nec
793 3641 1180 3698 invenustum
1218 3658 1347 3698 esse
1384 3643 1630 3717 poetam
1657 3656 1772 3694 nec
1809 3637 2044 3709 levem3
2093 3648 2152 3694 et
2192 3639 2386 3696 sciens
2413 3656 2560 3715 pru-

372 3737 646 3820 densque
674 3762 884 3802 censeo
908 3743 1180 3800 futurum
1204 3741 1333 3801 fore
1367 3750 1433 3798 ut
1462 3758 1580 3820 quo
1612 3737 1982 3797 emendatior
2008 3740 2278 3817 legatur,
2327 3759 2398 3797 eo
2427 3759 2570 3797 ma·

371 3846 468 3922 gis
502 3841 882 3921 dignoscatur
910 3846 1185 3923 elegans,
1230 3854 1291 3902 et
1316 3843 1496 3936 plane
1525 3840 1741 3920 dignus
1769 3852 1834 3900 ut
1859 3843 1950 3901 illi
1973 3844 2131 3901 inter
2157 3844 2438 3924 aequales
2467 3863 2564 3901 re-

370 3966 563 4024 gnum
598 3949 900 4024 poeticum
923 3948 1190 4006 conferre
1216 3966 1337 4005 non
1365 3947 1493 4004 sine
1526 3947 1753 4004 ratione
1781 3948 1973 4024 possis
1993 3988 2011 4019 ,
2054 3944 2386 4005 secundum
2410 3947 2562 4003 Bar·—

373 4045 490 4106 thii
511 4047 835 4123 iudicium,
880 4051 985 4129 qui
1013 4047 1130 4107 hoc
1155 4051 1336 4107 etiam
1364 4049 1663 4127 sapienter
1693 4045 1861 4106 addit
1876 4090 1895 4122 ,
1941 4048 2180 4126 Corippi
2203 4046 2389 4106 libros
2418 4046 2563 4105 ulti-

373 4169 507 4207 mos
548 4171 679 4210 esse
723 4153 1097 4231 eloquentiae
1143 4153 1447 4211 Romanae
1495 4161 1761 4211 conatus.
1849 4159 1910 4209 et
1950 4169 2094 4208 sane
2137 4151 2454 4209 manifesto
2500 4166 2566 4204 se

370 4248 575 4328 prodit
613 4254 680 4310 in
724 4253 978 4311 lectione
1015 4254 1303 4313 librorum
1332 4256 1563 4334 Virgilii
1594 4256 1862 4334 apprime
1893 4264 2195 4312 versatum
2229 4263 2291 4310 et
2324 4248 2565 4327 gentilis

366 4354 473 4413 sui
520 4361 734 4435 poetae
782 4354 1099 4418 Claudiani
1134 4359 1533 4437 imitatorem,
1584 4360 1753 4420 cuius
1802 4357 2089 4420 sublimes
2126 4355 2360 4419 volatus
2374 4392 2394 4429 ‚
2452 4351 2566 4412 etsi
