3210 5200
675 377 820 448 336
1321 371 1607 439 NOTAE
1653 370 1743 436 IN
1792 364 2112 435 LIBRUM
2144 369 2179 435 Ι

674 561 823 622 quae
839 537 1148 599 distinctio
1173 536 1554 591 metallorum
1576 543 1848 591 naturam
1873 535 2178 611 exprimit.
2261 529 2614 593 Artemidor.
2644 530 2678 591 1
2707 528 2787 594 62
2803 546 2825 586 z

671 624 737 688 τό
777 623 840 686 δὲ
872 625 959 697 εἰς
983 623 1230 700 σίδηρον
1258 614 1636 698 μεταβάλλειν
1666 614 1980 696 συμφοράς
2009 611 2294 695 ἀτλήτους
2312 618 2607 696 σημαίνει·
2650 616 2822 692 σιδη-

673 708 846 789 ρέους
873 703 987 788 γάρ
1021 704 1263 782 λέγομεν
1293 699 1433 776 τούς
1459 699 1647 764 πολλοὶ
1679 698 1834 763 κακὰ
1862 700 2286 780 ὑπομένοντας.
2371 700 2470 758 adi
2499 696 2820 756 Hesiodum

675 805 733 851 et
761 790 1038 851 Ovidium
1068 790 1308 845 Metam.
1344 793 1399 850 1.
1481 789 1759 845 Dema-r.

843 879 980 939 193.
1065 875 1145 930 ita
1184 858 1342 929 h‘unc
1383 873 1739 929 versiculum
1777 869 2103 949 legendum
2128 870 2567 928 existimamus:
2610 868 2823 926 divinis

675 962 893 1018 animis
916 959 1081 1016 dolor
1113 956 1216 1012 ille
1229 958 1497 1033 parentis
1526 959 1765 1013 inerrat.
1853 959 2099 1014 ΒΛΜἮ.
2812 962 2821 971 “

843 1044 982 1108 195.
1069 1043 1292 1119 monet]
1335 1041 1486 1098 forte
1510 1051 1718 1097 movet.
1765 1042 1953 1099 Rmz.
2035 1040 2256 1116 movet]
2302 1039 2386 1096 sic
2413 1038 2557 1094 iussi
2587 1032 2825 1106 excudi,¹

678 1148 810 1187 cum
832 1138 1002 1186 antea
1028 1136 1180 1185 esset
1213 1134 1424 1182 monet.
1509 1122 1790 1183 Dnffssr.
1896 1128 1903 1135 ”

844 1213 983 1276 196.
1069 1208 1329 1267 alludere
1359 1207 1592 1266 videtur
1633 1207 1706 1265 ad
1746 1208 1854 1267 SS.
1877 1207 2185 1266 Trinitatis
2209 1204 2556 1282 mysterium
2580 1223 2703 1262 non
2731 1205 2829 1259 in·

677 1299 977 1373 eleganter
1007 1294 1268 1375 quidem,
1287 1292 1419 1353 *sed
1446 1297 1643 1352 minus
1671 1294 1960 1370 religiose.
2048 1289 2194 1371 quid
2226 1291 2416 1348 simile
2446 1285 2633 1346 habes
2670 1285 2830 1365 apud

674 1383 1008 1440 Ausonium
1041 1378 1280 1457 Edynio
1317 1381 1373 1440 1.
1459 1379 1655 1436 Foco.
2053 1406 2060 1413 ·
2106 1412 2107 1415 =
2432 1424 2435 1425 γ
2474 1400 2479 1407 ’

846 1467 985 1528 198.
1064 1463 1399 1543 gallonem]
1478 1474 1899 1520 nocturnarum
1949 1460 2227 1518 horarum
2275 1457 2651 1516 vocalis-sima
2695 1457 2832 1511 avis

673 1549 904 1631 gallus.-
951 1547 1120 1607 Suid.
1150 1550 1215 1604 in
1247 1538 1532 1627 εὖφρόνή.
1617 1545 1875 1605 Achmes
1900 1546 2240 1603 Oneirocrit.
2272 1562 2322 1599 c.
2351 1540 2493 1605 294.
2566 1540 2834 1597 Artemi-

681 1633 807 1693 dor.
834 1637 875 1694 2
903 1631 1005 1695 47.
1053 1632 1218 1691 Tull.
1247 1633 1406 1690 Orat.
1432 1649 1540 1708 pro
1565 1634 1638 1689 L.
1662 1634 1942 1688 Murena:
1987 1640 2041 1685 te
2059 1627 2389 1707 gallorum,
2430 1624 2607 1680 illum
2635 1621 2840 1680 bucci-

680 1738 894 1776 narum
923 1727 1133 1773 cantus
1163 1718 1492 1771 exsuscitat.
1569 1718 1652 1771 Μ.
1685 1718 1867 1774 Varro
1895 1713 2032 1792 περὶ
2057 1712 2395 1793 ὒγκὼμίωνι
2455 1708 2560 1764 ille
2585 1708 2711 1764 ales
2734 1707 2841 1785 qui

679 1798 1003 1859 suscitabat
1025 1799 1242 1855 harum
1266 1800 1588 1856 Mus-amm
1616 1802 1949 1873 scriptores,
1976 1819 2062 1854 an
2085 1797 2185 1853 hic
2209 1797 2352 1874 quia
2381 1794 2606 1873 (legere
2633 1792 2839 1849 malim

679 1882 811 1965 qul)
836 1903 1078 1962 gregem
1114 1881 1482 1939 rabularum.
1573 1885 1707 1939 avis
1743 1882 1895 1938 lucis·
1933 1882 2191 1937 Martiali
2232 1889 2321 1937 est
2366 1877 2444 1946 14
2481 1879 2665 1955 epigr.
2705 1877 2837 1948 ult„

681 1967 979 2026 excubitor
1008 1968 1252 2043 Virgilio
1277 1969 1342 2022 in
1372 1969 1621 2024 Moreto.
1668 1977 1727 2023 et
1749 1976 1982 2044 tempus
2004 1963 2159 2022 illud
2175 1964 2586 2042 gallicinium,
2628 1959 2836 2018 Isidor.

683 2054 726 2117 5
753 2055 853 2115 80.
917 2052 1079 2108 licet
1121 2049 1463 2108 adsensum
1486 2052 1796 2128 wilgarem
1818 2048 2147 2107 hiccantus
2186 2050 2479 2126 gallorum
2502 2063 2834 2103 accommo-

684 2134 812 2195 dari
846 2138 1062 2213 possit,
1119 2145 1316 2192 tamen
1346 2145 1490 2212 puto
1523 2134 1712 2193 alludi
1741 2128 1818 2193 ad
1837 2137 2184 2211 augurium,
2239 2130 2407 2212 quod
2440 2134 2720 2208 optimum
2757 2129 2832 2185 ab

683 2219 799 2279 hac
823 2239 930 2277 ave
963 2218 1194 2277 desumi
1227 2228 1484 2292 constat,
1548 2230 1610 2277 et
1636 2218 1873 2279 videtur
1893 2219 1959 2276 id
1982 2220 2135 2276 velle
2165 2229 2347 2276 acuta
2378 2236 2510 2275 voce
2530 2214 2826 2294 savorem.

684 2308 771 2362 sic
818 2302 1211 2363 Themistocli
1265 2306 1328 2359 in
1367 2306 1633 2361 Xerxem
1683 2303 1919 2362 ducenti
1986 2314 2141 2360 certa
2192 2304 2433 2360 victoria
2477 2298 2839 2371 denuntiata,

683 2389 850 2447 Tull.
888 2387 961 2446 de
993 2389 1253 2445 Divinat.
1289 2390 1373 2462 ἵ2,
1431 2397 1490 2445 et
1513 2390 1768 2447 Bocotiis
1805 2391 1870 2446 in
1906 2386 2402 2446 Lacedaemonios
2442 2383 2841 2456 tendentibus,

682 2474 840 2531 Plin.
879 2464 954 2534 10
992 2477 1093 2535 21.
1151 2480 1269 2529 ·est
1296 2481 1355 2528 et
1376 2470 1540 2530 aliud
1566 2492 1752 2551 genus
1781 2475 2147 2551 aruspicinae
2177 2491 2255 2528 ex
2274 2471 2449 2549 gallis
2476 2468 2842 2546 desumptae,

685 2557 971 2636 Sarisber.
999 2556 1280 2615 Policrat.
1314 2559 1346 2618 1
1382 2559 1458 2618 13
1501 2576 1581 2615 ex
1617 2558 2133 2618 Suetonio-Tiber.
2172 2575 2223 2614 c.
2257 2554 2371 2628 143
2415 2564 2473 2613 et
2509 2574 2630 2613 non
2665 2555 2843 2612 omit-

683 2654 809 2700 tam
831 2641 1359 2700 infortunatissima
1389 2644 1650 2721 auspicia
1674 2662 1708 2701 a
1733 2644 1989 2722 gallinae
2013 2652 2186 2700 cantu
2214 2640 2367 2714 duci,
2394 2642 2639 2698 Terent.
2653 2636 2849 2697 Phor-

683 2729 883 2784 mione
911 2737 1021 2784 act.
1047 2725 1089 2788 4
1122 2745 1204 2783 sc.
1238 2725 1309 2798 4,
1365 2725 1466 2782 ubi
1493 2728 1639 2785 Geta
1669 2725 1941 2806 prodigia
1968 2729 2206 2806 nuptias
2231 2723 2616 2804 impedientia
2640 2742 2848 2782 recen-

686 2821 794 2870 set.
881 2813 1063 2868 risum
1092 2820 1292 2870 movet
1320 2807 1471 2867 mihi
1498 2813 1798 2870 Donatus:
1847 2814 2066 2891 anguis
2095 2831 2207 2889 per
2236 2810 2593 2887 ienpluvium
2634 2808 2850 2867 decidit

565 2921 584 2936 e
687 2896 761 2951 de
786 2895 1024 2971 tegulis,
1063 2894 1308 2972 gallina
1337 2897 1561 2952 cecinit.
1656 2896 1734 2954 ad
1765 2917 1944 2977 quem
1966 2901 2145 2955 ritum
2162 2897 2343 2974 Apul.
2371 2895 2565 2952 Miles.
2592 2899 2666 2959 9:
2702 2891 2849 2972 gal—

689 2977 820 3033 lina
851 2997 965 3054 per
999 2978 1255 3034 mediam
1284 2981 1576 3036 cursitans·
1620 3001 1824 3038 aream
1861 2982 2116 3039 clamore
2137 2983 2425 3059 genuino,
2488 2979 2649 3036 velut
2670 2997 2850 3034 ovum

679 3079 898 3140 parere
921 3063 1203 3140 gestiens,
1252 3063 1638 3138 personabat,
1683 3076 1743 3123 et
1782 3069 1981 3124 statim
2018 3068 2309 3142 pernicies
2345 3065 2609 3122 familiae
2648 3071 2850 3122 secuta

690 3157 799 3204 est.
885 3147 1158 3204 Clemens
1184 3145 1507 3205 Alexandr.
1536 3150 1814 3209 Stromat.
1850 3156 1910 3215 7.
1994 3152 2273 3209 Dsmsr.

854 3233 998 3293 202.
1085 3229 1394 3309 excubiae]
1435 3233 1672 3311 publica
1727 3235 1888 3293 urbis
1942 3234 2206 3293 custodia
2261 3244 2547 3293 nocturna
2601 3230 2854 3291 arcendo

688 3311 964 3370 incendio
1011 3314 1156 3370 olim
1198 3316 1482 3374 excubiae
1524 3318 1970 3403 (ἤμεροβίγλιον
2021 3319 2311 3399 curopal.)
2356 3318 2542 3376 dicta:
2605 3317 2854 3375 Paullus

685 3398 764 3456 lc
789 3396 898 3454 lib:
929 3401 961 3459 1
993 3396 1056 3455 ff.
1089 3398 1162 3455 de
1188 3399 1343 3458 offic:
1370 3404 1556 3480 praef.
1581 3405 1745 3482 Vir-g.
1778 3408 1928 3462 Aen.
1959 3408 2032 3468 9:
2076 3405 2360 3484 vir-giltam
2402 3400 2657 3461 excubiis
2694 3399 2857 3458 obsi«-

690 3482 826 3540 ἀει-ε
839 3492 1068 3559 portas.
1157 3485 1355 3564 imago
1383 3489 1509 3544 eius
1539 3490 1625 3545 rei
1653 3492 1716 3545 in
1740 3490 2008 3547 Suetonii
2038 3493 2304 3567 Augusto
2334 3508 2386 3546 o.
2415 3493 2515 3551 23.
2558 3484 2857 3546 Artemid-

692 3572 731 3630 3
760 3569 861 3629 62.
901 3637 910 3642 ⁵
948 3578 1007 3625 at
1041 3569 1188 3625 mali
1227 3573 1553 3648 principes,
1597 3576 1926 3632 ministerio
1966 3576 2225 3631 militum
2264 3570 2640 3651 tyrannidem
2679 3589 2857 3627 usur-

689 3661 919 3728 pantes,
964 3671 1101 3710 suos
1127 3655 1410 3713 satellites
1435 3654 1816 3716 hocnomine
1842 3669 2156 3732 vocarunt3
2200 3657 2359 3716 unde
2390 3654 2732 3715 Cassiodoro
2775 3658 2855 3732 11

698 3753 791 3811 ep.
834 3736 908 3796 19
950 3746 1335 3813 tyrannm-um
1374 3740 1671 3826 excubiae.
1762 3741 2093 3802 claudian..
2118 3741 2193 3800 de
2234 3741 2274 3804 4
2320 3745 2475 3800 Hon.
2515 3739 2857 3798 consulatu:

696 3836 818 3874 non
847 3820 932 3875 sic
957 3820 1233 3879 excubiae
1254 3841 1360 3879 nec
1388 3826 1834 3883 cheumstnntia
1850 3827 2017 3904 pila,
2063 3847 2246 3906 quam·
2269 3837 2497 3884 tutatur
2519 3843 2707 3881 amor.
2754 3822 2860 3880 fo-

697 3901 859 3959 ribus
881 3905 1218 3985 principum
1247 3908 1543 3985 praefixae
1569 3910 1749 3985 illae,
1806 3923 1874 3969 ut
1915 3915 2277 3990 privatorum
2312 3913 2608 3969 ianitores.
2691 3905 2864 3965 idem

698 3984 772 4042 de
798 3984 959 4044 laud.
990 3989 1222 4048 Stilich.
1254 3994 1329 4053 2:
1371 4013 1523 4070 quae
1563 3995 1849 4053 vestibulo
1862 3995 2222 4076 foribusque
2248 4006 2554 4073 potentem»
2583 3991 2854 4050 excubat.

697 4067 828 4168 dixi
851 4070 928 4128 ad
953 4073 1105 4130 illud
1131 4075 1236 4132 lib.
1256 4078 1292 4137 3
1326 4074 1399 4133 de
1429 4087 1638 4154 raptu:
1669 4091 1736 4136 ut
1763 4081 1969 4138 domus
1994 4080 2251 4139 excubiis
2282 4080 2639 4139 incustodila
2665 4096 2863 4134 remo-

698 4164 793 4212 ίιε.
883 4160 1147 4235 Propert-
1189 4156 1229 4219 4
1282 4164 1338 4222 1.
1403 4161 1556 4218 infra
1601 4165 1639 4224 3
1682 4165 1819 4228 165.
1905 4164 2058 4223 adde
2107 4165 2383 4223 excubias
2433 4175 2749 4222 nocturnas
2793 4163 2859 4218 in

697 4242 876 4297 sacris
902 4241 1138 4298 Graecis
1168 4243 1494 4319 solemnes,
1553 4250 1718 4306 cuius
1750 4252 1834 4306 rei
1862 4260 2066 4308 auctor
2092 4247 2447 4309 Anacharsis
2477 4246 2638 4328 apud
2665 4250 2864 4303 Hem-

697 4321 908 4382 dotum
932 4324 1323 4403 Melpomene,
1370 4340 1430 4387 et
1452 4333 1753 4410 Romanis,
1796 4334 1988 4394 Valer.
2025 4339 2055 4399 1
2087 4339 2130 4400 2
2168 4341 2240 4413 13
2285 4353 2403 4415 quo
2429 4352 2610 4395 sensu
2636 4332 2864 4408 accipio
