<?xml version="1.0" encoding="UTF-8"?>
<!DOCTYPE html PUBLIC "-//W3C//DTD XHTML 1.0 Transitional//EN"
    "http://www.w3.org/TR/xhtml1/DTD/xhtml1-transitional.dtd">
<html xmlns="http://www.w3.org/1999/xhtml" xml:lang="en" lang="en">
 <head>
  <title>
</title>
<meta http-equiv="Content-Type" content="text/html;charset=utf-8" />
  <meta name='ocr-system' content='tesseract 3.04.00' />
  <meta name='ocr-capabilities' content='ocr_page ocr_carea ocr_par ocr_line ocrx_word'/>
</head>
<body>
  <div class='ocr_page' id='page_1' title='image "./carminumpanegyr00niebgoog_0210.png"; bbox 0 0 3210 5200; ppageno 0'>
   <div class='ocr_carea' id='block_1_1' title="bbox 608 391 1861 463">
    <p class='ocr_par' dir='ltr' id='par_1_1' title="bbox 608 391 1861 463">
     <span class='ocr_line' id='line_1_1' title="bbox 608 391 1861 463; baseline -0.002 0"><span class='ocrx_word' id='word_1_1' title='bbox 608 391 754 463; x_wconf 80' lang='lat'><strong>132</strong></span> <span class='ocrx_word' id='word_1_2' title='bbox 1254 424 1263 431; x_wconf 83' lang='lat'><em>-</em></span> <span class='ocrx_word' id='word_1_3' title='bbox 1523 392 1861 461; x_wconf 86' lang='lat' dir='ltr'>CORIPPI</span> 
     </span>
    </p>
   </div>
   <div class='ocr_carea' id='block_1_2' title="bbox 614 548 2552 4098">
    <p class='ocr_par' dir='ltr' id='par_1_2' title="bbox 777 548 2234 739">
     <span class='ocr_line' id='line_1_2' title="bbox 856 548 2126 619; baseline 0.002 -4"><span class='ocrx_word' id='word_1_4' title='bbox 856 556 1206 616; x_wconf 52' lang='lat' dir='ltr'><strong>[laetificans</strong></span> <span class='ocrx_word' id='word_1_5' title='bbox 1233 556 1381 616; x_wconf 83' lang='lat' dir='ltr'><strong>alios</strong></span> <span class='ocrx_word' id='word_1_6' title='bbox 1406 558 1696 618; x_wconf 82' lang='lat' dir='ltr'><strong>referebat</strong></span> <span class='ocrx_word' id='word_1_7' title='bbox 1720 559 1866 618; x_wconf 88' lang='lat' dir='ltr'><strong>talia</strong></span> <span class='ocrx_word' id='word_1_8' title='bbox 1890 548 2126 619; x_wconf 81' lang='lat' dir='ltr'><strong>ductor:</strong></span> 
     </span>
     <span class='ocr_line' id='line_1_3' title="bbox 777 657 2234 739; baseline 0 -22"><span class='ocrx_word' id='word_1_9' title='bbox 777 659 907 739; x_wconf 88' lang='lat' dir='ltr'><strong>ipse</strong></span> <span class='ocrx_word' id='word_1_10' title='bbox 938 657 1145 717; x_wconf 88' lang='lat' dir='ltr'><strong>dolens</strong></span> <span class='ocrx_word' id='word_1_11' title='bbox 1175 661 1376 718; x_wconf 78' lang='lat' dir='ltr'><strong>vultus</strong></span> <span class='ocrx_word' id='word_1_12' title='bbox 1403 657 1627 720; x_wconf 84' lang='lat' dir='ltr'><strong>hilares</strong></span> <span class='ocrx_word' id='word_1_13' title='bbox 1657 662 1977 720; x_wconf 78' lang='lat' dir='ltr'><strong>simulabat</strong></span> <span class='ocrx_word' id='word_1_14' title='bbox 2008 659 2234 718; x_wconf 84' lang='lat' dir='ltr'><strong>amicis.</strong></span> 
     </span>
    </p>

    <p class='ocr_par' dir='ltr' id='par_1_3' title="bbox 614 760 2417 1249">
     <span class='ocr_line' id='line_1_4' title="bbox 614 760 2414 842; baseline 0 -21"><span class='ocrx_word' id='word_1_15' title='bbox 614 762 734 828; x_wconf 79' lang='lat'><strong>135</strong></span> <span class='ocrx_word' id='word_1_16' title='bbox 775 782 947 842; x_wconf 86' lang='lat' dir='ltr'><strong>spem</strong></span> <span class='ocrx_word' id='word_1_17' title='bbox 978 760 1155 819; x_wconf 86' lang='lat' dir='ltr'><strong>dabat</strong></span> <span class='ocrx_word' id='word_1_18' title='bbox 1189 772 1471 841; x_wconf 85' lang='lat' dir='ltr'><strong>aspectu:</strong></span> <span class='ocrx_word' id='word_1_19' title='bbox 1517 782 1685 821; x_wconf 87' lang='lat' dir='ltr'><strong>curas</strong></span> <span class='ocrx_word' id='word_1_20' title='bbox 1713 782 1856 819; x_wconf 92' lang='lat' dir='ltr'><strong>nam</strong></span> <span class='ocrx_word' id='word_1_21' title='bbox 1885 760 2058 820; x_wconf 86' lang='lat' dir='ltr'><strong>corde</strong></span> <span class='ocrx_word' id='word_1_22' title='bbox 2085 761 2414 841; x_wconf 83' lang='lat' dir='ltr'><strong>premebat.</strong></span> 
     </span>
     <span class='ocr_line' id='line_1_5' title="bbox 776 861 2329 941; baseline -0.001 -21"><span class='ocrx_word' id='word_1_23' title='bbox 776 861 919 920; x_wconf 87' lang='lat' dir='ltr'><strong>inde</strong></span> <span class='ocrx_word' id='word_1_24' title='bbox 945 872 1155 941; x_wconf 88' lang='lat' dir='ltr'><strong>petens</strong></span> <span class='ocrx_word' id='word_1_25' title='bbox 1179 863 1351 921; x_wconf 80' lang='lat' dir='ltr'>Vinci</span> <span class='ocrx_word' id='word_1_26' title='bbox 1387 864 1724 921; x_wconf 87' lang='lat' dir='ltr'><strong>Romanum</strong></span> <span class='ocrx_word' id='word_1_27' title='bbox 1756 861 2046 921; x_wconf 80' lang='lat' dir='ltr'><strong>contrahit</strong></span> <span class='ocrx_word' id='word_1_28' title='bbox 2078 883 2293 941; x_wconf 83' lang='lat' dir='ltr'>agmen</span> <span class='ocrx_word' id='word_1_29' title='bbox 2313 908 2329 935; x_wconf 93' lang='lat'><strong>,</strong></span> 
     </span>
     <span class='ocr_line' id='line_1_6' title="bbox 781 962 2334 1044; baseline -0.001 -21"><span class='ocrx_word' id='word_1_30' title='bbox 781 962 1188 1044; x_wconf 73' lang='lat' dir='ltr'><strong>disposuitque</strong></span> <span class='ocrx_word' id='word_1_31' title='bbox 1221 962 1400 1023; x_wconf 88' lang='lat' dir='ltr'><strong>duces</strong></span> <span class='ocrx_word' id='word_1_32' title='bbox 1426 983 1705 1021; x_wconf 87' lang='lat' dir='ltr'><strong>numeros</strong></span> <span class='ocrx_word' id='word_1_33' title='bbox 1738 964 2038 1044; x_wconf 85' lang='lat' dir='ltr'><strong>fortesque</strong></span> <span class='ocrx_word' id='word_1_34' title='bbox 2066 964 2334 1022; x_wconf 88' lang='lat' dir='ltr'><strong>tribunos</strong></span> 
     </span>
     <span class='ocr_line' id='line_1_7' title="bbox 780 1063 2263 1145; baseline -0.001 -20"><span class='ocrx_word' id='word_1_35' title='bbox 780 1068 847 1125; x_wconf 84' lang='lat' dir='ltr'><strong>in</strong></span> <span class='ocrx_word' id='word_1_36' title='bbox 877 1068 1146 1145; x_wconf 86' lang='lat' dir='ltr'><strong>proprios</strong></span> <span class='ocrx_word' id='word_1_37' title='bbox 1178 1087 1441 1126; x_wconf 85' lang='lat' dir='ltr'><strong>remeare</strong></span> <span class='ocrx_word' id='word_1_38' title='bbox 1466 1067 1663 1139; x_wconf 86' lang='lat' dir='ltr'><strong>locos,</strong></span> <span class='ocrx_word' id='word_1_39' title='bbox 1706 1084 1975 1144; x_wconf 85' lang='lat' dir='ltr'><strong>reparare</strong></span> <span class='ocrx_word' id='word_1_40' title='bbox 2004 1063 2263 1124; x_wconf 77' lang='lat' dir='ltr'><strong>fovendo</strong></span> 
     </span>
     <span class='ocr_line' id='line_1_8' title="bbox 782 1165 2417 1249; baseline -0.003 -23"><span class='ocrx_word' id='word_1_41' title='bbox 782 1165 1199 1249; x_wconf 76' lang='lat' dir='ltr'><strong>quadrupedes</strong></span> <span class='ocrx_word' id='word_1_42' title='bbox 1228 1170 1448 1244; x_wconf 78' lang='lat' dir='ltr'><strong>fessos,</strong></span> <span class='ocrx_word' id='word_1_43' title='bbox 1490 1186 1757 1247; x_wconf 85' lang='lat' dir='ltr'><strong>pugnam</strong></span> <span class='ocrx_word' id='word_1_44' title='bbox 1783 1188 2017 1246; x_wconf 86' lang='lat' dir='ltr'><strong>sperare</strong></span> <span class='ocrx_word' id='word_1_45' title='bbox 2043 1172 2417 1247; x_wconf 78' lang='lat' dir='ltr'><strong>sequentem.</strong></span> 
     </span>
    </p>

    <p class='ocr_par' dir='ltr' id='par_1_4' title="bbox 614 1266 2264 1755">
     <span class='ocr_line' id='line_1_9' title="bbox 614 1266 2264 1349; baseline -0.001 -20"><span class='ocrx_word' id='word_1_46' title='bbox 614 1266 742 1336; x_wconf 75' lang='grc'><strong>140</strong></span> <span class='ocrx_word' id='word_1_47' title='bbox 782 1271 1024 1349; x_wconf 80' lang='lat' dir='ltr'><strong>corripit</strong></span> <span class='ocrx_word' id='word_1_48' title='bbox 1040 1271 1169 1349; x_wconf 86' lang='lat' dir='ltr'><strong>ipse</strong></span> <span class='ocrx_word' id='word_1_49' title='bbox 1192 1273 1386 1346; x_wconf 74' lang='lat' dir='ltr'><strong>viam,</strong></span> <span class='ocrx_word' id='word_1_50' title='bbox 1430 1267 1706 1347; x_wconf 84' lang='lat' dir='ltr'><strong>gradiens</strong></span> <span class='ocrx_word' id='word_1_51' title='bbox 1736 1289 1845 1348; x_wconf 90' lang='lat' dir='ltr'><strong>per</strong></span> <span class='ocrx_word' id='word_1_52' title='bbox 1878 1269 2064 1327; x_wconf 88' lang='lat' dir='ltr'><strong>litoris</strong></span> <span class='ocrx_word' id='word_1_53' title='bbox 2095 1288 2264 1344; x_wconf 84' lang='lat' dir='ltr'><strong>oras,</strong></span> 
     </span>
     <span class='ocr_line' id='line_1_10' title="bbox 784 1369 2115 1454; baseline -0.001 -26"><span class='ocrx_word' id='word_1_54' title='bbox 784 1390 905 1452; x_wconf 86' lang='lat' dir='ltr'><strong>qua</strong></span> <span class='ocrx_word' id='word_1_55' title='bbox 936 1374 1126 1431; x_wconf 87' lang='lat' dir='ltr'><strong>socios</strong></span> <span class='ocrx_word' id='word_1_56' title='bbox 1159 1383 1362 1454; x_wconf 85' lang='lat' dir='ltr'><strong>posset</strong></span> <span class='ocrx_word' id='word_1_57' title='bbox 1389 1374 1552 1430; x_wconf 78' lang='lat' dir='ltr'><strong>victu</strong></span> <span class='ocrx_word' id='word_1_58' title='bbox 1580 1391 1854 1451; x_wconf 87' lang='lat' dir='ltr'><strong>reparare</strong></span> <span class='ocrx_word' id='word_1_59' title='bbox 1881 1369 2115 1428; x_wconf 85' lang='lat' dir='ltr'><strong>diurno.</strong></span> 
     </span>
     <span class='ocr_line' id='line_1_11' title="bbox 781 1471 2229 1554; baseline -0.001 -23"><span class='ocrx_word' id='word_1_60' title='bbox 781 1471 925 1532; x_wconf 82' lang='lat' dir='ltr'><strong>inde</strong></span> <span class='ocrx_word' id='word_1_61' title='bbox 952 1493 1206 1553; x_wconf 86' lang='lat' dir='ltr'><strong>superna</strong></span> <span class='ocrx_word' id='word_1_62' title='bbox 1232 1477 1384 1554; x_wconf 86' lang='lat' dir='ltr'><strong>petit</strong></span> <span class='ocrx_word' id='word_1_63' title='bbox 1411 1476 1766 1552; x_wconf 88' lang='lat' dir='ltr'><strong>contemptis</strong></span> <span class='ocrx_word' id='word_1_64' title='bbox 1793 1473 2029 1531; x_wconf 90' lang='lat' dir='ltr'><strong>moenia</strong></span> <span class='ocrx_word' id='word_1_65' title='bbox 2059 1471 2229 1550; x_wconf 85' lang='lat' dir='ltr'><strong>ripis.</strong></span> 
     </span>
     <span class='ocr_line' id='line_1_12' title="bbox 781 1572 2170 1653; baseline -0.002 -19"><span class='ocrx_word' id='word_1_66' title='bbox 781 1577 925 1634; x_wconf 86' lang='lat' dir='ltr'><strong>urbs</strong></span> <span class='ocrx_word' id='word_1_67' title='bbox 949 1576 1201 1633; x_wconf 80' lang='lat' dir='ltr'><strong>Laribus</strong></span> <span class='ocrx_word' id='word_1_68' title='bbox 1227 1572 1441 1633; x_wconf 87' lang='lat' dir='ltr'><strong>mediis</strong></span> <span class='ocrx_word' id='word_1_69' title='bbox 1470 1578 1659 1653; x_wconf 85' lang='lat' dir='ltr'><strong>surgit</strong></span> <span class='ocrx_word' id='word_1_70' title='bbox 1681 1576 1976 1633; x_wconf 85' lang='lat' dir='ltr'><strong>tutissima</strong></span> <span class='ocrx_word' id='word_1_71' title='bbox 2002 1574 2170 1631; x_wconf 74' lang='lat' dir='ltr'><strong>silvis</strong></span> 
     </span>
     <span class='ocr_line' id='line_1_13' title="bbox 790 1673 2197 1755; baseline -0.002 -22"><span class='ocrx_word' id='word_1_72' title='bbox 790 1686 849 1734; x_wconf 92' lang='lat' dir='ltr'><strong>et</strong></span> <span class='ocrx_word' id='word_1_73' title='bbox 874 1677 1060 1734; x_wconf 85' lang='lat' dir='ltr'><strong>muris</strong></span> <span class='ocrx_word' id='word_1_74' title='bbox 1086 1677 1318 1733; x_wconf 85' lang='lat' dir='ltr'><strong>munita</strong></span> <span class='ocrx_word' id='word_1_75' title='bbox 1346 1678 1549 1749; x_wconf 71' lang='lat' dir='ltr'><strong>novis,</strong></span> <span class='ocrx_word' id='word_1_76' title='bbox 1595 1674 1745 1755; x_wconf 86' lang='lat' dir='ltr'><strong>quos</strong></span> <span class='ocrx_word' id='word_1_77' title='bbox 1775 1673 2040 1734; x_wconf 87' lang='lat' dir='ltr'><strong>condidit</strong></span> <span class='ocrx_word' id='word_1_78' title='bbox 2067 1674 2197 1752; x_wconf 87' lang='lat' dir='ltr'><strong>ipse</strong></span> 
     </span>
    </p>

    <p class='ocr_par' dir='ltr' id='par_1_5' title="bbox 618 1765 2302 2263">
     <span class='ocr_line' id='line_1_14' title="bbox 618 1765 2058 1856; baseline -0.006 -15"><span class='ocrx_word' id='word_1_79' title='bbox 618 1773 745 1842; x_wconf 75' lang='lat'><strong>145</strong></span> <span class='ocrx_word' id='word_1_80' title='bbox 785 1765 1145 1836; x_wconf 79' lang='lat' dir='ltr'><strong>lastinianus</strong></span> <span class='ocrx_word' id='word_1_81' title='bbox 1176 1795 1368 1856; x_wconf 85' lang='lat' dir='ltr'><strong>apex,</strong></span> <span class='ocrx_word' id='word_1_82' title='bbox 1412 1778 1569 1837; x_wconf 87' lang='lat' dir='ltr'><strong>orbis</strong></span> <span class='ocrx_word' id='word_1_83' title='bbox 1602 1775 1937 1835; x_wconf 86' lang='lat' dir='ltr'><strong>dominator</strong></span> <span class='ocrx_word' id='word_1_84' title='bbox 1963 1775 2058 1833; x_wconf 89' lang='lat' dir='ltr'><strong>eoi</strong></span> 
     </span>
     <span class='ocr_line' id='line_1_15' title="bbox 787 1876 2140 1959; baseline -0.004 -23"><span class='ocrx_word' id='word_1_85' title='bbox 787 1876 1139 1958; x_wconf 87' lang='lat' dir='ltr'><strong>occiduique</strong></span> <span class='ocrx_word' id='word_1_86' title='bbox 1166 1890 1409 1959; x_wconf 81' lang='lat' dir='ltr'><strong>potens,</strong></span> <span class='ocrx_word' id='word_1_87' title='bbox 1452 1880 1707 1936; x_wconf 84' lang='lat' dir='ltr'><strong>Romani</strong></span> <span class='ocrx_word' id='word_1_88' title='bbox 1732 1878 1921 1955; x_wconf 86' lang='lat' dir='ltr'><strong>gloria</strong></span> <span class='ocrx_word' id='word_1_89' title='bbox 1948 1876 2140 1954; x_wconf 86' lang='lat' dir='ltr'><strong>regni.</strong></span> 
     </span>
     <span class='ocr_line' id='line_1_16' title="bbox 787 1976 2144 2039; baseline -0.002 -2"><span class='ocrx_word' id='word_1_90' title='bbox 787 1976 908 2037; x_wconf 90' lang='lat' dir='ltr'><strong>huc</strong></span> <span class='ocrx_word' id='word_1_91' title='bbox 934 1982 1128 2039; x_wconf 87' lang='lat' dir='ltr'><strong>socios</strong></span> <span class='ocrx_word' id='word_1_92' title='bbox 1156 1978 1364 2038; x_wconf 85' lang='lat' dir='ltr'><strong>ductor</strong></span> <span class='ocrx_word' id='word_1_93' title='bbox 1392 1982 1614 2039; x_wconf 85' lang='lat' dir='ltr'><strong>celeres</strong></span> <span class='ocrx_word' id='word_1_94' title='bbox 1639 1999 1941 2039; x_wconf 87' lang='lat' dir='ltr'><strong>occurrere</strong></span> <span class='ocrx_word' id='word_1_95' title='bbox 1970 1978 2144 2036; x_wconf 86' lang='lat' dir='ltr'><strong>iussit</strong></span> 
     </span>
     <span class='ocr_line' id='line_1_17' title="bbox 786 2074 2302 2163; baseline 0 -26"><span class='ocrx_word' id='word_1_96' title='bbox 786 2089 966 2160; x_wconf 81' lang='lat' dir='ltr'><strong>atque</strong></span> <span class='ocrx_word' id='word_1_97' title='bbox 996 2079 1176 2141; x_wconf 89' lang='lat' dir='ltr'><strong>duces</strong></span> <span class='ocrx_word' id='word_1_98' title='bbox 1206 2093 1535 2163; x_wconf 87' lang='lat' dir='ltr'><strong>gentesque</strong></span> <span class='ocrx_word' id='word_1_99' title='bbox 1566 2082 1715 2156; x_wconf 88' lang='lat' dir='ltr'><strong>sibi,</strong></span> <span class='ocrx_word' id='word_1_100' title='bbox 1759 2100 1904 2161; x_wconf 88' lang='lat' dir='ltr'><strong>quas</strong></span> <span class='ocrx_word' id='word_1_101' title='bbox 1936 2081 2062 2159; x_wconf 87' lang='lat' dir='ltr'><strong>ipse</strong></span> <span class='ocrx_word' id='word_1_102' title='bbox 2093 2074 2302 2137; x_wconf 79' lang='lat' dir='ltr'><strong>fideles</strong></span> 
     </span>
     <span class='ocr_line' id='line_1_18' title="bbox 788 2181 2247 2263; baseline -0.002 -23"><span class='ocrx_word' id='word_1_103' title='bbox 788 2194 1034 2241; x_wconf 79' lang='lat' dir='ltr'><strong>noverat</strong></span> <span class='ocrx_word' id='word_1_104' title='bbox 1059 2204 1187 2243; x_wconf 87' lang='lat' dir='ltr'><strong>esse</strong></span> <span class='ocrx_word' id='word_1_105' title='bbox 1215 2186 1339 2244; x_wconf 87' lang='lat' dir='ltr'><strong>suis</strong></span> <span class='ocrx_word' id='word_1_106' title='bbox 1367 2186 1558 2263; x_wconf 88' lang='lat' dir='ltr'><strong>primo</strong></span> <span class='ocrx_word' id='word_1_107' title='bbox 1593 2186 1659 2241; x_wconf 87' lang='lat' dir='ltr'><strong>in</strong></span> <span class='ocrx_word' id='word_1_108' title='bbox 1689 2184 2007 2241; x_wconf 86' lang='lat' dir='ltr'><strong>certamine</strong></span> <span class='ocrx_word' id='word_1_109' title='bbox 2036 2181 2247 2259; x_wconf 86' lang='lat' dir='ltr'><strong>signis.</strong></span> 
     </span>
    </p>

    <p class='ocr_par' dir='ltr' id='par_1_6' title="bbox 623 2279 2389 2669">
     <span class='ocr_line' id='line_1_19' title="bbox 623 2279 2343 2367; baseline -0.003 -23"><span class='ocrx_word' id='word_1_110' title='bbox 623 2279 748 2345; x_wconf 83' lang='lat'><strong>150</strong></span> <span class='ocrx_word' id='word_1_111' title='bbox 870 2286 1124 2344; x_wconf 87' lang='lat' dir='ltr'><strong>Nuntius</strong></span> <span class='ocrx_word' id='word_1_112' title='bbox 1158 2286 1373 2344; x_wconf 80' lang='lat' dir='ltr'><strong>infelix</strong></span> <span class='ocrx_word' id='word_1_113' title='bbox 1405 2287 1658 2367; x_wconf 84' lang='lat' dir='ltr'><strong>Tyriam</strong></span> <span class='ocrx_word' id='word_1_114' title='bbox 1691 2293 2063 2343; x_wconf 86' lang='lat' dir='ltr'><strong>concusserat</strong></span> <span class='ocrx_word' id='word_1_115' title='bbox 2095 2283 2343 2357; x_wconf 85' lang='lat' dir='ltr'><strong>urbem,</strong></span> 
     </span>
     <span class='ocr_line' id='line_1_20' title="bbox 793 2386 2191 2465; baseline 0.001 -24"><span class='ocrx_word' id='word_1_116' title='bbox 793 2386 1022 2463; x_wconf 88' lang='lat' dir='ltr'><strong>proelia</strong></span> <span class='ocrx_word' id='word_1_117' title='bbox 1059 2387 1183 2446; x_wconf 87' lang='lat' dir='ltr'><strong>dira</strong></span> <span class='ocrx_word' id='word_1_118' title='bbox 1215 2389 1414 2447; x_wconf 82' lang='lat' dir='ltr'><strong>ferens</strong></span> <span class='ocrx_word' id='word_1_119' title='bbox 1444 2395 1501 2442; x_wconf 91' lang='lat' dir='ltr'><strong>et</strong></span> <span class='ocrx_word' id='word_1_120' title='bbox 1534 2388 1699 2444; x_wconf 78' lang='lat' dir='ltr'><strong>saevi</strong></span> <span class='ocrx_word' id='word_1_121' title='bbox 1729 2386 1937 2444; x_wconf 82' lang='lat' dir='ltr'><strong>funera</strong></span> <span class='ocrx_word' id='word_1_122' title='bbox 1975 2386 2191 2465; x_wconf 88' lang='lat' dir='ltr'><strong>campi.</strong></span> 
     </span>
     <span class='ocr_line' id='line_1_21' title="bbox 794 2484 2305 2569; baseline -0.001 -25"><span class='ocrx_word' id='word_1_123' title='bbox 794 2485 1152 2568; x_wconf 87' lang='lat' dir='ltr'><strong>obstupuere</strong></span> <span class='ocrx_word' id='word_1_124' title='bbox 1180 2486 1457 2569; x_wconf 82' lang='lat' dir='ltr'><strong>quidem3</strong></span> <span class='ocrx_word' id='word_1_125' title='bbox 1510 2484 1620 2545; x_wconf 88' lang='lat' dir='ltr'><strong>sed</strong></span> <span class='ocrx_word' id='word_1_126' title='bbox 1650 2508 1786 2567; x_wconf 87' lang='lat' dir='ltr'><strong>spes</strong></span> <span class='ocrx_word' id='word_1_127' title='bbox 1813 2487 2100 2547; x_wconf 88' lang='lat' dir='ltr'><strong>fidissima</strong></span> <span class='ocrx_word' id='word_1_128' title='bbox 2128 2486 2305 2545; x_wconf 86' lang='lat' dir='ltr'><strong>rebus</strong></span> 
     </span>
     <span class='ocr_line' id='line_1_22' title="bbox 793 2587 2389 2669; baseline -0.001 -22"><span class='ocrx_word' id='word_1_129' title='bbox 793 2608 913 2648; x_wconf 83' lang='lat' dir='ltr'><strong>una</strong></span> <span class='ocrx_word' id='word_1_130' title='bbox 941 2591 1054 2651; x_wconf 82' lang='lat' dir='ltr'><strong>fuit</strong></span> <span class='ocrx_word' id='word_1_131' title='bbox 1072 2636 1088 2667; x_wconf 92' lang='lat'><strong>,</strong></span> <span class='ocrx_word' id='word_1_132' title='bbox 1134 2592 1369 2650; x_wconf 77' lang='lat' dir='ltr'><strong>salvum</strong></span> <span class='ocrx_word' id='word_1_133' title='bbox 1399 2589 1602 2647; x_wconf 86' lang='lat' dir='ltr'><strong>retulit</strong></span> <span class='ocrx_word' id='word_1_134' title='bbox 1638 2587 1799 2669; x_wconf 87' lang='lat' dir='ltr'><strong>quod</strong></span> <span class='ocrx_word' id='word_1_135' title='bbox 1825 2589 1986 2648; x_wconf 85' lang='lat' dir='ltr'><strong>fama</strong></span> <span class='ocrx_word' id='word_1_136' title='bbox 2018 2591 2389 2668; x_wconf 85' lang='lat' dir='ltr'><strong>magistrum.</strong></span> 
     </span>
    </p>

    <p class='ocr_par' dir='ltr' id='par_1_7' title="bbox 880 2687 2407 2770">
     <span class='ocr_line' id='line_1_23' title="bbox 880 2687 2407 2770; baseline -0.002 -20"><span class='ocrx_word' id='word_1_137' title='bbox 880 2693 1164 2770; x_wconf 78' lang='lat' dir='ltr'><strong>Coniugis</strong></span> <span class='ocrx_word' id='word_1_138' title='bbox 1189 2695 1413 2750; x_wconf 87' lang='lat' dir='ltr'><strong>interea</strong></span> <span class='ocrx_word' id='word_1_139' title='bbox 1435 2694 1688 2749; x_wconf 86' lang='lat' dir='ltr'><strong>miserae</strong></span> <span class='ocrx_word' id='word_1_140' title='bbox 1713 2693 1984 2770; x_wconf 76' lang='lat' dir='ltr'><strong>pervenit</strong></span> <span class='ocrx_word' id='word_1_141' title='bbox 2009 2687 2088 2749; x_wconf 85' lang='lat' dir='ltr'><strong>ad</strong></span> <span class='ocrx_word' id='word_1_142' title='bbox 2115 2710 2287 2748; x_wconf 87' lang='lat' dir='ltr'><strong>aures</strong></span> <span class='ocrx_word' id='word_1_143' title='bbox 2398 2688 2407 2698; x_wconf 83' lang='grc'><em>’</em></span> 
     </span>
    </p>

    <p class='ocr_par' dir='ltr' id='par_1_8' title="bbox 632 2785 2552 3258">
     <span class='ocr_line' id='line_1_24' title="bbox 632 2785 2406 2873; baseline -0.001 -23"><span class='ocrx_word' id='word_1_144' title='bbox 632 2785 755 2854; x_wconf 81' lang='grc'><strong>156</strong></span> <span class='ocrx_word' id='word_1_145' title='bbox 794 2787 945 2850; x_wconf 82' lang='lat' dir='ltr'><strong>haec</strong></span> <span class='ocrx_word' id='word_1_146' title='bbox 978 2792 1189 2853; x_wconf 86' lang='lat' dir='ltr'><strong>eadem</strong></span> <span class='ocrx_word' id='word_1_147' title='bbox 1216 2797 1461 2873; x_wconf 86' lang='lat' dir='ltr'><strong>pinnata</strong></span> <span class='ocrx_word' id='word_1_148' title='bbox 1488 2790 1677 2850; x_wconf 86' lang='lat' dir='ltr'><strong>ducis.</strong></span> <span class='ocrx_word' id='word_1_149' title='bbox 1763 2793 2090 2872; x_wconf 87' lang='lat' dir='ltr'><strong>stupefacta</strong></span> <span class='ocrx_word' id='word_1_150' title='bbox 2124 2792 2406 2870; x_wconf 83' lang='lat' dir='ltr'><strong>relinquit</strong></span> 
     </span>
     <span class='ocr_line' id='line_1_25' title="bbox 793 2891 2304 2973; baseline 0.002 -25"><span class='ocrx_word' id='word_1_151' title='bbox 793 2891 972 2950; x_wconf 85' lang='lat' dir='ltr'><strong>corda</strong></span> <span class='ocrx_word' id='word_1_152' title='bbox 999 2896 1186 2968; x_wconf 88' lang='lat' dir='ltr'><strong>calor,</strong></span> <span class='ocrx_word' id='word_1_153' title='bbox 1230 2895 1542 2973; x_wconf 88' lang='lat' dir='ltr'><strong>subitoque</strong></span> <span class='ocrx_word' id='word_1_154' title='bbox 1572 2902 1834 2952; x_wconf 87' lang='lat' dir='ltr'><strong>tremens</strong></span> <span class='ocrx_word' id='word_1_155' title='bbox 1861 2892 2150 2971; x_wconf 89' lang='lat' dir='ltr'><strong>oppalluit</strong></span> <span class='ocrx_word' id='word_1_156' title='bbox 2179 2912 2304 2951; x_wconf 86' lang='lat' dir='ltr'><strong>ore.</strong></span> 
     </span>
     <span class='ocr_line' id='line_1_26' title="bbox 795 2991 2462 3074; baseline 0.002 -24"><span class='ocrx_word' id='word_1_157' title='bbox 795 3011 946 3052; x_wconf 81' lang='lat' dir='ltr'><strong>mox</strong></span> <span class='ocrx_word' id='word_1_158' title='bbox 971 2993 1306 3054; x_wconf 87' lang='lat' dir='ltr'><strong>miseranda</strong></span> <span class='ocrx_word' id='word_1_159' title='bbox 1338 2991 1533 3052; x_wconf 80' lang='lat' dir='ltr'><strong>cadit:</strong></span> <span class='ocrx_word' id='word_1_160' title='bbox 1578 2994 1812 3052; x_wconf 86' lang='lat' dir='ltr'><strong>caelum</strong></span> <span class='ocrx_word' id='word_1_161' title='bbox 1837 3005 2172 3074; x_wconf 87' lang='lat' dir='ltr'><strong>terramque</strong></span> <span class='ocrx_word' id='word_1_162' title='bbox 2199 2992 2462 3054; x_wconf 78' lang='lat' dir='ltr'><strong>tenebris</strong></span> 
     </span>
     <span class='ocr_line' id='line_1_27' title="bbox 798 3083 2552 3176; baseline 0.002 -24"><span class='ocrx_word' id='word_1_163' title='bbox 798 3097 1016 3175; x_wconf 88' lang='lat' dir='ltr'><strong>eripuit</strong></span> <span class='ocrx_word' id='word_1_164' title='bbox 1046 3117 1180 3155; x_wconf 90' lang='lat' dir='ltr'><strong>cum</strong></span> <span class='ocrx_word' id='word_1_165' title='bbox 1205 3098 1340 3156; x_wconf 89' lang='lat' dir='ltr'><strong>luce</strong></span> <span class='ocrx_word' id='word_1_166' title='bbox 1362 3094 1558 3154; x_wconf 84' lang='lat' dir='ltr'><strong>dolor.</strong></span> <span class='ocrx_word' id='word_1_167' title='bbox 1644 3107 1786 3153; x_wconf 86' lang='lat' dir='ltr'><strong>tunc</strong></span> <span class='ocrx_word' id='word_1_168' title='bbox 1817 3100 2024 3155; x_wconf 89' lang='lat' dir='ltr'><strong>mortis</strong></span> <span class='ocrx_word' id='word_1_169' title='bbox 2051 3099 2250 3176; x_wconf 87' lang='lat' dir='ltr'><strong>imago</strong></span> <span class='ocrx_word' id='word_1_170' title='bbox 2547 3083 2552 3084; x_wconf 31' lang='lat'><em>⁷</em></span> 
     </span>
     <span class='ocr_line' id='line_1_28' title="bbox 796 3198 2149 3258; baseline 0.004 -5"><span class='ocrx_word' id='word_1_171' title='bbox 796 3198 997 3257; x_wconf 86' lang='lat' dir='ltr'><strong>clausa</strong></span> <span class='ocrx_word' id='word_1_172' title='bbox 1024 3198 1129 3257; x_wconf 88' lang='lat' dir='ltr'><strong>diu</strong></span> <span class='ocrx_word' id='word_1_173' title='bbox 1157 3199 1348 3256; x_wconf 89' lang='lat' dir='ltr'><strong>tenuit</strong></span> <span class='ocrx_word' id='word_1_174' title='bbox 1375 3200 1649 3257; x_wconf 84' lang='lat' dir='ltr'><strong>resolutis</strong></span> <span class='ocrx_word' id='word_1_175' title='bbox 1672 3198 1901 3256; x_wconf 86' lang='lat' dir='ltr'><strong>lumina</strong></span> <span class='ocrx_word' id='word_1_176' title='bbox 1926 3202 2149 3258; x_wconf 81' lang='lat' dir='ltr'><strong>nervis.</strong></span> 
     </span>
    </p>

    <p class='ocr_par' dir='ltr' id='par_1_9' title="bbox 634 3296 2479 3785">
     <span class='ocr_line' id='line_1_29' title="bbox 634 3296 2479 3383; baseline 0.001 -24"><span class='ocrx_word' id='word_1_177' title='bbox 634 3296 757 3362; x_wconf 83' lang='lat'><strong>160</strong></span> <span class='ocrx_word' id='word_1_178' title='bbox 796 3312 1106 3359; x_wconf 87' lang='lat' dir='ltr'><strong>accurrunt</strong></span> <span class='ocrx_word' id='word_1_179' title='bbox 1141 3303 1403 3359; x_wconf 81' lang='lat' dir='ltr'><strong>famulae</strong></span> <span class='ocrx_word' id='word_1_180' title='bbox 1427 3345 1445 3376; x_wconf 92' lang='lat'><strong>,</strong></span> <span class='ocrx_word' id='word_1_181' title='bbox 1489 3301 1914 3383; x_wconf 85' lang='lat' dir='ltr'><strong>dominamque</strong></span> <span class='ocrx_word' id='word_1_182' title='bbox 1941 3302 2140 3360; x_wconf 80' lang='lat' dir='ltr'><strong>levare</strong></span> <span class='ocrx_word' id='word_1_183' title='bbox 2171 3299 2479 3364; x_wconf 84' lang='lat' dir='ltr'><strong>cadentem</strong></span> 
     </span>
     <span class='ocr_line' id='line_1_30' title="bbox 799 3401 2272 3484; baseline 0.005 -27"><span class='ocrx_word' id='word_1_184' title='bbox 799 3401 1069 3462; x_wconf 74' lang='lat' dir='ltr'><strong>ninantur</strong></span> <span class='ocrx_word' id='word_1_185' title='bbox 1092 3406 1346 3480; x_wconf 86' lang='lat' dir='ltr'><strong>celeres,</strong></span> <span class='ocrx_word' id='word_1_186' title='bbox 1392 3406 1657 3464; x_wconf 78' lang='lat' dir='ltr'><strong>refovent</strong></span> <span class='ocrx_word' id='word_1_187' title='bbox 1681 3415 1739 3462; x_wconf 91' lang='lat' dir='ltr'><strong>et</strong></span> <span class='ocrx_word' id='word_1_188' title='bbox 1765 3416 2000 3484; x_wconf 85' lang='lat' dir='ltr'><strong>pectora</strong></span> <span class='ocrx_word' id='word_1_189' title='bbox 2032 3406 2272 3484; x_wconf 83' lang='lat' dir='ltr'><strong>palmis.</strong></span> 
     </span>
     <span class='ocr_line' id='line_1_31' title="bbox 797 3505 2299 3585; baseline 0.005 -26"><span class='ocrx_word' id='word_1_190' title='bbox 797 3505 1038 3581; x_wconf 85' lang='lat' dir='ltr'><strong>spiritus</strong></span> <span class='ocrx_word' id='word_1_191' title='bbox 1068 3508 1130 3563; x_wconf 91' lang='lat' dir='ltr'><strong>in</strong></span> <span class='ocrx_word' id='word_1_192' title='bbox 1159 3505 1375 3585; x_wconf 83' lang='lat' dir='ltr'><strong>gelidis</strong></span> <span class='ocrx_word' id='word_1_193' title='bbox 1401 3508 1598 3564; x_wconf 84' lang='lat' dir='ltr'><strong>tenuis</strong></span> <span class='ocrx_word' id='word_1_194' title='bbox 1629 3507 1983 3565; x_wconf 86' lang='lat' dir='ltr'><strong>recalescere</strong></span> <span class='ocrx_word' id='word_1_195' title='bbox 2013 3509 2299 3567; x_wconf 87' lang='lat' dir='ltr'><strong>membris</strong></span> 
     </span>
     <span class='ocr_line' id='line_1_32' title="bbox 800 3607 2106 3688; baseline 0.002 -25"><span class='ocrx_word' id='word_1_196' title='bbox 800 3607 907 3663; x_wconf 81' lang='lat' dir='ltr'><strong>vix</strong></span> <span class='ocrx_word' id='word_1_197' title='bbox 935 3610 1162 3686; x_wconf 86' lang='lat' dir='ltr'><strong>potuit;</strong></span> <span class='ocrx_word' id='word_1_198' title='bbox 1206 3608 1598 3688; x_wconf 83' lang='lat' dir='ltr'><strong>manibusque</strong></span> <span class='ocrx_word' id='word_1_199' title='bbox 1634 3620 1826 3666; x_wconf 83' lang='lat' dir='ltr'><strong>erecta</strong></span> <span class='ocrx_word' id='word_1_200' title='bbox 1856 3607 2106 3683; x_wconf 86' lang='lat' dir='ltr'><strong>resedit,</strong></span> 
     </span>
     <span class='ocr_line' id='line_1_33' title="bbox 802 3712 2191 3785; baseline 0.004 -22"><span class='ocrx_word' id='word_1_201' title='bbox 802 3726 914 3765; x_wconf 89' lang='lat' dir='ltr'><strong>nec</strong></span> <span class='ocrx_word' id='word_1_202' title='bbox 938 3722 1137 3769; x_wconf 80' lang='lat' dir='ltr'><strong>movet</strong></span> <span class='ocrx_word' id='word_1_203' title='bbox 1164 3712 1398 3769; x_wconf 85' lang='lat' dir='ltr'><strong>obtutus</strong></span> <span class='ocrx_word' id='word_1_204' title='bbox 1416 3754 1432 3785; x_wconf 91' lang='lat'><strong>,</strong></span> <span class='ocrx_word' id='word_1_205' title='bbox 1476 3731 1684 3769; x_wconf 89' lang='lat' dir='ltr'><strong>amens</strong></span> <span class='ocrx_word' id='word_1_206' title='bbox 1717 3721 1774 3769; x_wconf 90' lang='lat' dir='ltr'><strong>et</strong></span> <span class='ocrx_word' id='word_1_207' title='bbox 1801 3713 1996 3769; x_wconf 84' lang='lat' dir='ltr'><strong>saucia</strong></span> <span class='ocrx_word' id='word_1_208' title='bbox 2025 3712 2191 3769; x_wconf 90' lang='lat' dir='ltr'><strong>luctu</strong></span> 
     </span>
    </p>

    <p class='ocr_par' dir='ltr' id='par_1_10' title="bbox 639 3806 2388 4098">
     <span class='ocr_line' id='line_1_34' title="bbox 639 3806 2388 3895; baseline -0.003 -20"><span class='ocrx_word' id='word_1_209' title='bbox 639 3806 762 3875; x_wconf 86' lang='grc'><strong>165</strong></span> <span class='ocrx_word' id='word_1_210' title='bbox 802 3812 1119 3870; x_wconf 84' lang='lat' dir='ltr'><strong>immemor</strong></span> <span class='ocrx_word' id='word_1_211' title='bbox 1147 3823 1325 3895; x_wconf 86' lang='lat' dir='ltr'><strong>atque</strong></span> <span class='ocrx_word' id='word_1_212' title='bbox 1357 3814 1470 3870; x_wconf 87' lang='lat' dir='ltr'><strong>sui.</strong></span> <span class='ocrx_word' id='word_1_213' title='bbox 1555 3824 1822 3870; x_wconf 87' lang='lat' dir='ltr'><strong>mentem</strong></span> <span class='ocrx_word' id='word_1_214' title='bbox 1849 3814 1955 3869; x_wconf 76' lang='lat' dir='ltr'><strong>vix</strong></span> <span class='ocrx_word' id='word_1_215' title='bbox 1985 3812 2142 3871; x_wconf 83' lang='lat' dir='ltr'><strong>fessa</strong></span> <span class='ocrx_word' id='word_1_216' title='bbox 2168 3814 2388 3891; x_wconf 87' lang='lat' dir='ltr'><strong>recepit</strong></span> 
     </span>
     <span class='ocr_line' id='line_1_35' title="bbox 803 3911 2329 3990; baseline 0 -20"><span class='ocrx_word' id='word_1_217' title='bbox 803 3933 912 3971; x_wconf 87' lang='lat' dir='ltr'><strong>ceu</strong></span> <span class='ocrx_word' id='word_1_218' title='bbox 939 3911 1214 3972; x_wconf 84' lang='lat' dir='ltr'><strong>d&#39;ubiam:</strong></span> <span class='ocrx_word' id='word_1_219' title='bbox 1259 3915 1451 3990; x_wconf 88' lang='lat' dir='ltr'><strong>primo</strong></span> <span class='ocrx_word' id='word_1_220' title='bbox 1480 3915 1675 3972; x_wconf 88' lang='lat' dir='ltr'><strong>luctus</strong></span> <span class='ocrx_word' id='word_1_221' title='bbox 1706 3916 1791 3971; x_wconf 87' lang='lat' dir='ltr'><strong>sic</strong></span> <span class='ocrx_word' id='word_1_222' title='bbox 1820 3934 1951 3973; x_wconf 87' lang='lat' dir='ltr'><strong>orsa</strong></span> <span class='ocrx_word' id='word_1_223' title='bbox 1987 3913 2186 3971; x_wconf 87' lang='lat' dir='ltr'><strong>dolore</strong></span> <span class='ocrx_word' id='word_1_224' title='bbox 2217 3924 2329 3971; x_wconf 83' lang='lat' dir='ltr'><strong>est.</strong></span> 
     </span>
     <span class='ocr_line' id='line_1_36' title="bbox 796 4006 2336 4098; baseline -0.001 -24"><span class='ocrx_word' id='word_1_225' title='bbox 796 4006 948 4074; x_wconf 83' lang='lat' dir='ltr'><strong>“cor</strong></span> <span class='ocrx_word' id='word_1_226' title='bbox 974 4013 1165 4090; x_wconf 89' lang='lat' dir='ltr'><strong>dolet,</strong></span> <span class='ocrx_word' id='word_1_227' title='bbox 1209 4025 1267 4071; x_wconf 91' lang='lat' dir='ltr'><strong>et</strong></span> <span class='ocrx_word' id='word_1_228' title='bbox 1295 4014 1492 4072; x_wconf 85' lang='lat' dir='ltr'><strong>nullas</strong></span> <span class='ocrx_word' id='word_1_229' title='bbox 1522 4012 1836 4072; x_wconf 82' lang='lat' dir='ltr'><strong>effimdunt</strong></span> <span class='ocrx_word' id='word_1_230' title='bbox 1861 4016 2088 4098; x_wconf 82' lang='lat' dir='ltr'><strong>lumina</strong></span> <span class='ocrx_word' id='word_1_231' title='bbox 2119 4024 2336 4092; x_wconf 82' lang='lat' dir='ltr'><strong>guttas.</strong></span> 
     </span>
    </p>
   </div>
   <div class='ocr_carea' id='block_1_3' title="bbox 644 4197 2820 4269">
    <p class='ocr_par' dir='ltr' id='par_1_11' title="bbox 644 4197 2820 4269">
     <span class='ocr_line' id='line_1_37' title="bbox 644 4197 2820 4269; baseline -0.001 -16"><span class='ocrx_word' id='word_1_232' title='bbox 644 4200 745 4253; x_wconf 68' lang='lat'><strong>134</strong></span> <span class='ocrx_word' id='word_1_233' title='bbox 772 4199 961 4251; x_wconf 81' lang='lat' dir='ltr'><strong>docens</strong></span> <span class='ocrx_word' id='word_1_234' title='bbox 984 4198 1125 4267; x_wconf 78' lang='lat' dir='ltr'><strong>apud</strong></span> <span class='ocrx_word' id='word_1_235' title='bbox 1148 4197 1209 4248; x_wconf 81' lang='lat' dir='ltr'><strong><em>M</em></strong></span> <span class='ocrx_word' id='word_1_236' title='bbox 1394 4198 1493 4251; x_wconf 87' lang='grc'><strong>136</strong></span> <span class='ocrx_word' id='word_1_237' title='bbox 1526 4197 1689 4268; x_wconf 83' lang='lat' dir='ltr'><strong>uinci]</strong></span> <span class='ocrx_word' id='word_1_238' title='bbox 1724 4214 1951 4266; x_wconf 84' lang='lat' dir='ltr'><strong>campum</strong></span> <span class='ocrx_word' id='word_1_239' title='bbox 1974 4199 2036 4252; x_wconf 81' lang='lat' dir='ltr'><strong><em>M</em></strong></span> <span class='ocrx_word' id='word_1_240' title='bbox 2218 4200 2314 4254; x_wconf 84' lang='lat'><strong>138</strong></span> <span class='ocrx_word' id='word_1_241' title='bbox 2348 4197 2564 4252; x_wconf 77' lang='lat' dir='ltr'><strong>fauendo</strong></span> <span class='ocrx_word' id='word_1_242' title='bbox 2591 4199 2732 4269; x_wconf 75' lang='lat' dir='ltr'><strong>apud</strong></span> <span class='ocrx_word' id='word_1_243' title='bbox 2757 4197 2820 4251; x_wconf 80' lang='lat' dir='ltr'><strong><em>M</em></strong></span> 
     </span>
    </p>
   </div>
   <div class='ocr_carea' id='block_1_4' title="bbox 636 4264 2816 4389">
    <p class='ocr_par' dir='ltr' id='par_1_12' title="bbox 636 4264 2816 4389">
     <span class='ocr_line' id='line_1_38' title="bbox 646 4264 2816 4340; baseline 0.001 -20"><span class='ocrx_word' id='word_1_244' title='bbox 646 4270 741 4320; x_wconf 75' lang='lat'><strong>141</strong></span> <span class='ocrx_word' id='word_1_245' title='bbox 780 4283 906 4335; x_wconf 86' lang='lat' dir='ltr'><strong>quos</strong></span> <span class='ocrx_word' id='word_1_246' title='bbox 930 4268 992 4332; x_wconf 84' lang='grc' dir='ltr'><strong>Τ,</strong></span> <span class='ocrx_word' id='word_1_247' title='bbox 1025 4283 1125 4335; x_wconf 89' lang='lat' dir='ltr'><strong>quo</strong></span> <span class='ocrx_word' id='word_1_248' title='bbox 1152 4264 1211 4316; x_wconf 83' lang='grc' dir='ltr'><em>Μ</em></span> <span class='ocrx_word' id='word_1_249' title='bbox 1347 4267 1443 4317; x_wconf 82' lang='grc'><strong>153</strong></span> <span class='ocrx_word' id='word_1_250' title='bbox 1478 4266 1563 4335; x_wconf 87' lang='lat' dir='ltr'><strong>qui</strong></span> <span class='ocrx_word' id='word_1_251' title='bbox 1592 4270 1641 4322; x_wconf 86' lang='grc' dir='ltr'><strong>Τ</strong></span> <span class='ocrx_word' id='word_1_252' title='bbox 1775 4269 1874 4323; x_wconf 78' lang='grc'><strong>163</strong></span> <span class='ocrx_word' id='word_1_253' title='bbox 1909 4277 2086 4340; x_wconf 86' lang='lat' dir='ltr'><strong>erepta</strong></span> <span class='ocrx_word' id='word_1_254' title='bbox 2114 4269 2184 4335; x_wconf 84' lang='lat' dir='ltr'><strong>T,</strong></span> <span class='ocrx_word' id='word_1_255' title='bbox 2231 4269 2335 4322; x_wconf 81' lang='lat' dir='ltr'><strong>suis</strong></span> <span class='ocrx_word' id='word_1_256' title='bbox 2358 4277 2530 4324; x_wconf 78' lang='lat' dir='ltr'><strong>erecta</strong></span> <span class='ocrx_word' id='word_1_257' title='bbox 2549 4269 2622 4322; x_wconf 81' lang='lat' dir='ltr'><strong>M.</strong></span> <span class='ocrx_word' id='word_1_258' title='bbox 2657 4269 2816 4322; x_wconf 81' lang='lat' dir='ltr'><strong>immo</strong></span> 
     </span>
     <span class='ocr_line' id='line_1_39' title="bbox 636 4334 2754 4389; baseline -0 -1"><span class='ocrx_word' id='word_1_259' title='bbox 636 4352 854 4388; x_wconf 82' lang='lat' dir='ltr'><strong>suarum.</strong></span> <span class='ocrx_word' id='word_1_260' title='bbox 1058 4334 1156 4389; x_wconf 83' lang='lat'><strong>165</strong></span> <span class='ocrx_word' id='word_1_261' title='bbox 1190 4349 1305 4387; x_wconf 82' lang='lat' dir='ltr'><strong>mox</strong></span> <span class='ocrx_word' id='word_1_262' title='bbox 1331 4334 1453 4387; x_wconf 83' lang='grc' dir='ltr'><strong>ΜΤ.</strong></span> <span class='ocrx_word' id='word_1_263' title='bbox 2743 4343 2754 4348; x_wconf 92' lang='grc'><em>“</em></span> 
     </span>
    </p>
   </div>
  </div>
 </body>
</html>
