<?xml version="1.0" encoding="UTF-8"?>
<!DOCTYPE html PUBLIC "-//W3C//DTD XHTML 1.0 Transitional//EN"
    "http://www.w3.org/TR/xhtml1/DTD/xhtml1-transitional.dtd">
<html xmlns="http://www.w3.org/1999/xhtml" xml:lang="en" lang="en">
 <head>
  <title>
</title>
<meta http-equiv="Content-Type" content="text/html;charset=utf-8" />
  <meta name='ocr-system' content='tesseract 3.04.00' />
  <meta name='ocr-capabilities' content='ocr_page ocr_carea ocr_par ocr_line ocrx_word'/>
</head>
<body>
  <div class='ocr_page' id='page_1' title='image "./carminumpanegyr00niebgoog_0403.png"; bbox 0 0 3210 5200; ppageno 0'>
   <div class='ocr_carea' id='block_1_1' title="bbox 1106 316 2660 413">
    <p class='ocr_par' dir='ltr' id='par_1_1' title="bbox 1106 316 2660 413">
     <span class='ocr_line' id='line_1_1' title="bbox 1106 316 2660 413; baseline 0.016 -25"><span class='ocrx_word' id='word_1_1' title='bbox 1106 316 1220 389; x_wconf 88' lang='lat' dir='ltr'><strong>DE</strong></span> <span class='ocrx_word' id='word_1_2' title='bbox 1269 322 1679 399; x_wconf 83' lang='lat' dir='ltr'>LAUDIBUS</span> <span class='ocrx_word' id='word_1_3' title='bbox 1726 324 2057 404; x_wconf 79' lang='lat' dir='ltr'><strong>IUSTINI.</strong></span> <span class='ocrx_word' id='word_1_4' title='bbox 2516 341 2660 413; x_wconf 85' lang='lat'><strong>319</strong></span> 
     </span>
    </p>
   </div>
   <div class='ocr_carea' id='block_1_2' title="bbox 462 484 2659 4467">
    <p class='ocr_par' dir='ltr' id='par_1_2' title="bbox 477 484 2659 1330">
     <span class='ocr_line' id='line_1_2' title="bbox 491 484 2659 586; baseline 0.012 -44"><span class='ocrx_word' id='word_1_5' title='bbox 491 484 701 543; x_wconf 87' lang='lat' dir='ltr'><strong>coloris</strong></span> <span class='ocrx_word' id='word_1_6' title='bbox 740 487 1100 563; x_wconf 77' lang='lat' dir='ltr'>gratissimi:</span> <span class='ocrx_word' id='word_1_7' title='bbox 1144 510 1509 571; x_wconf 87' lang='lat' dir='ltr'><strong>purpureum</strong></span> <span class='ocrx_word' id='word_1_8' title='bbox 1540 496 1700 555; x_wconf 90' lang='lat' dir='ltr'><strong>enim</strong></span> <span class='ocrx_word' id='word_1_9' title='bbox 1732 492 2108 580; x_wconf 77' lang='lat' dir='ltr'><strong>scriptoribus</strong></span> <span class='ocrx_word' id='word_1_10' title='bbox 2141 498 2423 586; x_wconf 85' lang='lat' dir='ltr'><strong>quicquid</strong></span> <span class='ocrx_word' id='word_1_11' title='bbox 2450 507 2659 568; x_wconf 86' lang='lat' dir='ltr'><strong>coloris</strong></span> 
     </span>
     <span class='ocr_line' id='line_1_3' title="bbox 489 573 2655 665; baseline 0.013 -41"><span class='ocrx_word' id='word_1_12' title='bbox 489 573 716 647; x_wconf 78' lang='lat' dir='ltr'>egregii</span> <span class='ocrx_word' id='word_1_13' title='bbox 751 581 809 629; x_wconf 84' lang='lat' dir='ltr'><strong>et</strong></span> <span class='ocrx_word' id='word_1_14' title='bbox 844 575 1093 652; x_wconf 88' lang='lat' dir='ltr'><strong>accepti.</strong></span> <span class='ocrx_word' id='word_1_15' title='bbox 1178 578 1264 634; x_wconf 87' lang='lat' dir='ltr'><strong>sic</strong></span> <span class='ocrx_word' id='word_1_16' title='bbox 1292 599 1461 637; x_wconf 83' lang='lat' dir='ltr'><strong>coma</strong></span> <span class='ocrx_word' id='word_1_17' title='bbox 1487 581 1634 638; x_wconf 72' lang='lat' dir='ltr'><strong>Nisi</strong></span> <span class='ocrx_word' id='word_1_18' title='bbox 1651 603 1944 665; x_wconf 86' lang='lat' dir='ltr'><strong>purpurea</strong></span> <span class='ocrx_word' id='word_1_19' title='bbox 1974 588 2047 645; x_wconf 90' lang='lat' dir='ltr'><strong>ab</strong></span> <span class='ocrx_word' id='word_1_20' title='bbox 2077 586 2286 647; x_wconf 79' lang='lat' dir='ltr'><strong>Ovidio</strong></span> <span class='ocrx_word' id='word_1_21' title='bbox 2313 593 2655 653; x_wconf 85' lang='lat' dir='ltr'><strong>celebratur.</strong></span> 
     </span>
     <span class='ocr_line' id='line_1_4' title="bbox 489 648 2656 755; baseline 0.012 -43"><span class='ocrx_word' id='word_1_22' title='bbox 489 653 627 712; x_wconf 83' lang='lat' dir='ltr'><strong>vide</strong></span> <span class='ocrx_word' id='word_1_23' title='bbox 672 648 1215 717; x_wconf 70' lang='lat' dir='ltr'>commentatorem</span> <span class='ocrx_word' id='word_1_24' title='bbox 1256 666 1516 741; x_wconf 87' lang='lat' dir='ltr'><strong>priscum</strong></span> <span class='ocrx_word' id='word_1_25' title='bbox 1557 669 1862 734; x_wconf 58' lang='lat' dir='ltr'><strong>Horatii&lt;2</strong></span> <span class='ocrx_word' id='word_1_26' title='bbox 1905 671 1966 734; x_wconf 86' lang='lat'><strong>5.</strong></span> <span class='ocrx_word' id='word_1_27' title='bbox 2051 675 2137 731; x_wconf 87' lang='lat' dir='ltr'><strong>sic</strong></span> <span class='ocrx_word' id='word_1_28' title='bbox 2179 676 2332 732; x_wconf 86' lang='lat' dir='ltr'><strong>oculi</strong></span> <span class='ocrx_word' id='word_1_29' title='bbox 2376 682 2656 755; x_wconf 84' lang='lat' dir='ltr'><strong>purpurei</strong></span> 
     </span>
     <span class='ocr_line' id='line_1_5' title="bbox 489 738 2655 834; baseline 0.012 -39"><span class='ocrx_word' id='word_1_30' title='bbox 489 738 649 817; x_wconf 87' lang='lat' dir='ltr'><strong>apud</strong></span> <span class='ocrx_word' id='word_1_31' title='bbox 677 742 985 800; x_wconf 81' lang='lat' dir='ltr'><strong>Valerium</strong></span> <span class='ocrx_word' id='word_1_32' title='bbox 1013 745 1290 803; x_wconf 86' lang='lat' dir='ltr'>Flaccum</span> <span class='ocrx_word' id='word_1_33' title='bbox 1318 752 1389 809; x_wconf 84' lang='lat'><strong>3:</strong></span> <span class='ocrx_word' id='word_1_34' title='bbox 1433 770 1506 808; x_wconf 82' lang='lat' dir='ltr'><strong>en</strong></span> <span class='ocrx_word' id='word_1_35' title='bbox 1526 752 1807 831; x_wconf 75' lang='lat' dir='ltr'><strong>frigidus</strong></span> <span class='ocrx_word' id='word_1_36' title='bbox 1843 755 2007 813; x_wconf 79' lang='lat' dir='ltr'><strong>orbes</strong></span> <span class='ocrx_word' id='word_1_37' title='bbox 2034 778 2367 834; x_wconf 68' lang='lat' dir='ltr'><strong>purpureos</strong></span> <span class='ocrx_word' id='word_1_38' title='bbox 2400 761 2524 819; x_wconf 84' lang='lat' dir='ltr'><strong>iam</strong></span> <span class='ocrx_word' id='word_1_39' title='bbox 2558 784 2655 820; x_wconf 77' lang='lat' dir='ltr'><strong>so-</strong></span> 
     </span>
     <span class='ocr_line' id='line_1_6' title="bbox 486 824 2654 926; baseline 0.011 -45"><span class='ocrx_word' id='word_1_40' title='bbox 486 844 665 881; x_wconf 78' lang='lat' dir='ltr'><strong>mnus</strong></span> <span class='ocrx_word' id='word_1_41' title='bbox 693 824 835 883; x_wconf 69' lang='lat' dir='ltr'><strong>obit.</strong></span> <span class='ocrx_word' id='word_1_42' title='bbox 902 827 1104 886; x_wconf 84' lang='lat' dir='ltr'><strong>lumen</strong></span> <span class='ocrx_word' id='word_1_43' title='bbox 1119 850 1492 908; x_wconf 80' lang='lat' dir='ltr'><strong>purpureum</strong></span> <span class='ocrx_word' id='word_1_44' title='bbox 1519 836 1678 914; x_wconf 88' lang='lat' dir='ltr'><strong>apud</strong></span> <span class='ocrx_word' id='word_1_45' title='bbox 1705 841 2006 897; x_wconf 88' lang='lat' dir='ltr'><strong>Maronem</strong></span> <span class='ocrx_word' id='word_1_46' title='bbox 2035 844 2073 902; x_wconf 88' lang='lat'>6</span> <span class='ocrx_word' id='word_1_47' title='bbox 2091 882 2108 915; x_wconf 90' lang='lat'><strong>,</strong></span> <span class='ocrx_word' id='word_1_48' title='bbox 2155 841 2227 900; x_wconf 88' lang='lat' dir='ltr'><strong>de</strong></span> <span class='ocrx_word' id='word_1_49' title='bbox 2256 848 2478 923; x_wconf 87' lang='lat' dir='ltr'><strong>campis</strong></span> <span class='ocrx_word' id='word_1_50' title='bbox 2504 849 2654 926; x_wconf 84' lang='lat' dir='ltr'><strong>Ely-</strong></span> 
     </span>
     <span class='ocr_line' id='line_1_7' title="bbox 487 912 2654 1001; baseline 0.012 -36"><span class='ocrx_word' id='word_1_51' title='bbox 487 912 613 967; x_wconf 84' lang='lat' dir='ltr'><strong>siis.</strong></span> <span class='ocrx_word' id='word_1_52' title='bbox 678 914 978 988; x_wconf 80' lang='lat' dir='ltr'><em>purpurei</em></span> <span class='ocrx_word' id='word_1_53' title='bbox 997 914 1147 971; x_wconf 73' lang='lat' dir='ltr'><strong>soles</strong></span> <span class='ocrx_word' id='word_1_54' title='bbox 1174 915 1331 993; x_wconf 89' lang='lat' dir='ltr'><strong>apud</strong></span> <span class='ocrx_word' id='word_1_55' title='bbox 1355 918 1611 977; x_wconf 88' lang='lat' dir='ltr'><strong>eundem</strong></span> <span class='ocrx_word' id='word_1_56' title='bbox 1638 925 1702 979; x_wconf 88' lang='lat' dir='ltr'><strong>in</strong></span> <span class='ocrx_word' id='word_1_57' title='bbox 1729 925 1867 982; x_wconf 80' lang='lat' dir='ltr'><strong>ciri.</strong></span> <span class='ocrx_word' id='word_1_58' title='bbox 1932 927 2428 1001; x_wconf 75' lang='lat' dir='ltr'><strong>purpurei&#39;olores</strong></span> <span class='ocrx_word' id='word_1_59' title='bbox 2451 931 2654 990; x_wconf 87' lang='lat' dir='ltr'><strong>Horat.</strong></span> 
     </span>
     <span class='ocr_line' id='line_1_8' title="bbox 487 992 2655 1090; baseline 0.009 -37"><span class='ocrx_word' id='word_1_60' title='bbox 487 992 530 1055; x_wconf 84' lang='lat'>4</span> <span class='ocrx_word' id='word_1_61' title='bbox 577 996 635 1054; x_wconf 88' lang='lat'><strong>1.</strong></span> <span class='ocrx_word' id='word_1_62' title='bbox 710 1016 1025 1073; x_wconf 74' lang='lat' dir='ltr'><strong>purpurea</strong></span> <span class='ocrx_word' id='word_1_63' title='bbox 1052 1001 1157 1057; x_wconf 76' lang='lat' dir='ltr'><strong>nix</strong></span> <span class='ocrx_word' id='word_1_64' title='bbox 1187 1000 1387 1078; x_wconf 90' lang='lat' dir='ltr'><strong>Pedo,</strong></span> <span class='ocrx_word' id='word_1_65' title='bbox 1429 1015 1499 1061; x_wconf 87' lang='lat' dir='ltr'><strong>ut</strong></span> <span class='ocrx_word' id='word_1_66' title='bbox 1522 1007 1763 1082; x_wconf 78' lang='lat' dir='ltr'><strong>volunt,</strong></span> <span class='ocrx_word' id='word_1_67' title='bbox 1802 1008 2230 1069; x_wconf 78' lang='lat' dir='ltr'><strong>Albinovanus.</strong></span> <span class='ocrx_word' id='word_1_68' title='bbox 2315 1032 2478 1069; x_wconf 84' lang='lat' dir='ltr'><strong>mare</strong></span> <span class='ocrx_word' id='word_1_69' title='bbox 2497 1035 2655 1090; x_wconf 78' lang='lat' dir='ltr'><strong>pur-</strong></span> 
     </span>
     <span class='ocr_line' id='line_1_9' title="bbox 477 1082 2655 1173; baseline 0.012 -41"><span class='ocrx_word' id='word_1_70' title='bbox 477 1099 737 1155; x_wconf 78' lang='lat' dir='ltr'><strong>pureum</strong></span> <span class='ocrx_word' id='word_1_71' title='bbox 765 1082 1077 1160; x_wconf 81' lang='lat' dir='ltr'><strong>Euripides</strong></span> <span class='ocrx_word' id='word_1_72' title='bbox 1106 1084 1405 1163; x_wconf 86' lang='lat' dir='ltr'><strong>Troadd.,</strong></span> <span class='ocrx_word' id='word_1_73' title='bbox 1452 1090 1615 1169; x_wconf 86' lang='lat' dir='ltr'><strong>quod</strong></span> <span class='ocrx_word' id='word_1_74' title='bbox 1647 1096 1937 1173; x_wconf 79' lang='lat' dir='ltr'><strong>expressit</strong></span> <span class='ocrx_word' id='word_1_75' title='bbox 1965 1096 2174 1153; x_wconf 82' lang='lat' dir='ltr'><strong>Furius</strong></span> <span class='ocrx_word' id='word_1_76' title='bbox 2203 1094 2363 1173; x_wconf 89' lang='lat' dir='ltr'><strong>apud-</strong></span> <span class='ocrx_word' id='word_1_77' title='bbox 2394 1098 2655 1159; x_wconf 80' lang='lat' dir='ltr'><strong>Gellium</strong></span> 
     </span>
     <span class='ocr_line' id='line_1_10' title="bbox 490 1165 2653 1257; baseline 0.012 -39"><span class='ocrx_word' id='word_1_78' title='bbox 490 1165 569 1226; x_wconf 85' lang='lat'><strong>18</strong></span> <span class='ocrx_word' id='word_1_79' title='bbox 613 1173 672 1220; x_wconf 87' lang='lat' dir='ltr'><strong>et</strong></span> <span class='ocrx_word' id='word_1_80' title='bbox 713 1165 951 1223; x_wconf 85' lang='lat' dir='ltr'><strong>Solinus</strong></span> <span class='ocrx_word' id='word_1_81' title='bbox 991 1171 1055 1224; x_wconf 89' lang='lat' dir='ltr'><strong>in</strong></span> <span class='ocrx_word' id='word_1_82' title='bbox 1094 1168 1428 1247; x_wconf 86' lang='lat' dir='ltr'><strong>fragmento</strong></span> <span class='ocrx_word' id='word_1_83' title='bbox 1469 1176 1720 1236; x_wconf 79' lang='lat' dir='ltr'><strong>Pontici.</strong></span> <span class='ocrx_word' id='word_1_84' title='bbox 1787 1179 2090 1256; x_wconf 74' lang='lat' dir='ltr'><strong>flammea</strong></span> <span class='ocrx_word' id='word_1_85' title='bbox 2108 1198 2421 1257; x_wconf 76' lang='lat' dir='ltr'><strong>purpurea</strong></span> <span class='ocrx_word' id='word_1_86' title='bbox 2457 1180 2653 1243; x_wconf 88' lang='lat' dir='ltr'><strong>eidem</strong></span> 
     </span>
     <span class='ocr_line' id='line_1_11' title="bbox 483 1247 1624 1330; baseline 0.014 -27"><span class='ocrx_word' id='word_1_87' title='bbox 483 1250 703 1326; x_wconf 86' lang='lat' dir='ltr'><strong>tragico</strong></span> <span class='ocrx_word' id='word_1_88' title='bbox 729 1247 940 1308; x_wconf 86' lang='lat' dir='ltr'><strong>eadem</strong></span> <span class='ocrx_word' id='word_1_89' title='bbox 963 1253 1290 1330; x_wconf 74' lang='lat' dir='ltr'><strong>tragoedia.</strong></span> <span class='ocrx_word' id='word_1_90' title='bbox 1374 1260 1624 1319; x_wconf 76' lang='lat' dir='ltr'><strong>BAnrn.</strong></span> 
     </span>
    </p>

    <p class='ocr_par' dir='ltr' id='par_1_3' title="bbox 474 1334 2647 2072">
     <span class='ocr_line' id='line_1_12' title="bbox 646 1334 2647 1437; baseline 0.016 -47"><span class='ocrx_word' id='word_1_91' title='bbox 646 1334 747 1396; x_wconf 85' lang='lat'><strong>35.</strong></span> <span class='ocrx_word' id='word_1_92' title='bbox 832 1336 1034 1395; x_wconf 69' lang='lat' dir='ltr'><strong>velata</strong></span> <span class='ocrx_word' id='word_1_93' title='bbox 1077 1358 1294 1398; x_wconf 72' lang='lat' dir='ltr'><strong>eomas,</strong></span> <span class='ocrx_word' id='word_1_94' title='bbox 1387 1362 1465 1401; x_wconf 86' lang='lat' dir='ltr'><strong>ex</strong></span> <span class='ocrx_word' id='word_1_95' title='bbox 1489 1347 1683 1423; x_wconf 86' lang='lat' dir='ltr'><strong>prisco</strong></span> <span class='ocrx_word' id='word_1_96' title='bbox 1708 1365 1872 1405; x_wconf 88' lang='lat' dir='ltr'><strong>more</strong></span> <span class='ocrx_word' id='word_1_97' title='bbox 1901 1348 2234 1430; x_wconf 79' lang='lat' dir='ltr'><strong>virginum,</strong></span> <span class='ocrx_word' id='word_1_98' title='bbox 2280 1377 2432 1437; x_wconf 88' lang='lat' dir='ltr'><strong>quae</strong></span> <span class='ocrx_word' id='word_1_99' title='bbox 2453 1352 2647 1423; x_wconf 80' lang='lat' dir='ltr'><strong>velato</strong></span> 
     </span>
     <span class='ocr_line' id='line_1_13' title="bbox 478 1419 2646 1513; baseline 0.016 -42"><span class='ocrx_word' id='word_1_100' title='bbox 478 1419 671 1495; x_wconf 87' lang='lat' dir='ltr'><strong>capite</strong></span> <span class='ocrx_word' id='word_1_101' title='bbox 705 1420 1090 1497; x_wconf 78' lang='lat' dir='ltr'><strong>incedebant,</strong></span> <span class='ocrx_word' id='word_1_102' title='bbox 1135 1423 1202 1481; x_wconf 86' lang='lat' dir='ltr'><strong>id</strong></span> <span class='ocrx_word' id='word_1_103' title='bbox 1235 1424 1394 1506; x_wconf 88' lang='lat' dir='ltr'><strong>quod</strong></span> <span class='ocrx_word' id='word_1_104' title='bbox 1425 1425 1604 1488; x_wconf 86' lang='lat' dir='ltr'><strong>hodie</strong></span> <span class='ocrx_word' id='word_1_105' title='bbox 1637 1451 1873 1513; x_wconf 89' lang='lat' dir='ltr'><strong>quoque</strong></span> <span class='ocrx_word' id='word_1_106' title='bbox 1900 1436 2084 1494; x_wconf 88' lang='lat' dir='ltr'><strong>Turci</strong></span> <span class='ocrx_word' id='word_1_107' title='bbox 2112 1440 2444 1502; x_wconf 79' lang='lat' dir='ltr'><strong>observant.</strong></span> <span class='ocrx_word' id='word_1_108' title='bbox 2530 1450 2646 1506; x_wconf 87' lang='lat' dir='ltr'><strong>Co-</strong></span> 
     </span>
     <span class='ocr_line' id='line_1_14' title="bbox 477 1502 2646 1610; baseline 0.016 -54"><span class='ocrx_word' id='word_1_109' title='bbox 477 1502 724 1559; x_wconf 88' lang='lat' dir='ltr'><strong>lumella</strong></span> <span class='ocrx_word' id='word_1_110' title='bbox 757 1509 865 1566; x_wconf 86' lang='lat'><strong>10:</strong></span> <span class='ocrx_word' id='word_1_111' title='bbox 910 1508 1211 1585; x_wconf 72' lang='lat' dir='ltr'><strong>virgineas</strong></span> <span class='ocrx_word' id='word_1_112' title='bbox 1233 1512 1516 1589; x_wconf 78' lang='lat' dir='ltr'><strong>adoperta</strong></span> <span class='ocrx_word' id='word_1_113' title='bbox 1535 1537 1726 1593; x_wconf 77' lang='lat' dir='ltr'><strong>genas</strong></span> <span class='ocrx_word' id='word_1_114' title='bbox 1751 1539 1905 1576; x_wconf 76' lang='lat' dir='ltr'><strong>rosa.</strong></span> <span class='ocrx_word' id='word_1_115' title='bbox 1970 1522 2328 1585; x_wconf 81' lang='lat' dir='ltr'><strong>Claudianus</strong></span> <span class='ocrx_word' id='word_1_116' title='bbox 2351 1531 2646 1610; x_wconf 79' lang='lat' dir='ltr'><strong>Panegyr.</strong></span> 
     </span>
     <span class='ocr_line' id='line_1_15' title="bbox 479 1586 2645 1680; baseline 0.016 -40"><span class='ocrx_word' id='word_1_117' title='bbox 479 1587 690 1643; x_wconf 84' lang='lat' dir='ltr'><strong>Manlii</strong></span> <span class='ocrx_word' id='word_1_118' title='bbox 720 1586 792 1646; x_wconf 88' lang='lat' dir='ltr'><strong>de</strong></span> <span class='ocrx_word' id='word_1_119' title='bbox 823 1594 1087 1649; x_wconf 86' lang='lat' dir='ltr'><strong>Iustitia:</strong></span> <span class='ocrx_word' id='word_1_120' title='bbox 1116 1594 1386 1673; x_wconf 72' lang='lat' dir='ltr'><strong>frontem</strong></span> <span class='ocrx_word' id='word_1_121' title='bbox 1423 1598 1602 1656; x_wconf 82' lang='lat' dir='ltr'><strong>limbo</strong></span> <span class='ocrx_word' id='word_1_122' title='bbox 1641 1602 1840 1660; x_wconf 72' lang='lat' dir='ltr'><strong>velata</strong></span> <span class='ocrx_word' id='word_1_123' title='bbox 1858 1605 2171 1680; x_wconf 80' lang='lat' dir='ltr'><strong>pudicam.</strong></span> <span class='ocrx_word' id='word_1_124' title='bbox 2264 1612 2645 1675; x_wconf 83' lang='lat' dir='ltr'><strong>Germanicus</strong></span> 
     </span>
     <span class='ocr_line' id='line_1_16' title="bbox 481 1672 2643 1767; baseline 0.015 -40"><span class='ocrx_word' id='word_1_125' title='bbox 481 1672 782 1732; x_wconf 85' lang='lat' dir='ltr'><strong>Asteriaco</strong></span> <span class='ocrx_word' id='word_1_126' title='bbox 807 1677 1086 1753; x_wconf 78' lang='lat' dir='ltr'><strong>Virginis,</strong></span> <span class='ocrx_word' id='word_1_127' title='bbox 1131 1678 1388 1740; x_wconf 81' lang='lat' dir='ltr'><strong>Isidorus</strong></span> <span class='ocrx_word' id='word_1_128' title='bbox 1410 1685 1556 1761; x_wconf 83' lang='lat' dir='ltr'><strong>orig.</strong></span> <span class='ocrx_word' id='word_1_129' title='bbox 1585 1688 1663 1748; x_wconf 86' lang='lat'><strong>19</strong></span> <span class='ocrx_word' id='word_1_130' title='bbox 1702 1688 1803 1759; x_wconf 78' lang='lat'><strong>31,</strong></span> <span class='ocrx_word' id='word_1_131' title='bbox 1846 1690 2142 1749; x_wconf 85' lang='lat' dir='ltr'><strong>Arnobius</strong></span> <span class='ocrx_word' id='word_1_132' title='bbox 2168 1697 2226 1767; x_wconf 82' lang='grc'><strong>2,</strong></span> <span class='ocrx_word' id='word_1_133' title='bbox 2272 1698 2567 1757; x_wconf 78' lang='lat' dir='ltr'><strong>Iuvenalis</strong></span> <span class='ocrx_word' id='word_1_134' title='bbox 2584 1704 2643 1761; x_wconf 88' lang='lat'><strong>7.</strong></span> 
     </span>
     <span class='ocr_line' id='line_1_17' title="bbox 477 1756 2644 1854; baseline 0.014 -43"><span class='ocrx_word' id='word_1_135' title='bbox 477 1756 728 1815; x_wconf 60' lang='lat' dir='ltr'><strong>Bia-m.</strong></span> <span class='ocrx_word' id='word_1_136' title='bbox 811 1761 962 1818; x_wconf 90' lang='lat' dir='ltr'><strong>Iulia</strong></span> <span class='ocrx_word' id='word_1_137' title='bbox 991 1766 1136 1841; x_wconf 88' lang='lat' dir='ltr'><strong>imp.</strong></span> <span class='ocrx_word' id='word_1_138' title='bbox 1165 1766 1429 1825; x_wconf 85' lang='lat' dir='ltr'><strong>Caesaris</strong></span> <span class='ocrx_word' id='word_1_139' title='bbox 1456 1770 1711 1847; x_wconf 84' lang='lat' dir='ltr'><strong>Augusti</strong></span> <span class='ocrx_word' id='word_1_140' title='bbox 1738 1790 1894 1829; x_wconf 84' lang='lat' dir='ltr'><strong>uxor</strong></span> <span class='ocrx_word' id='word_1_141' title='bbox 1923 1774 2030 1831; x_wconf 85' lang='lat' dir='ltr'><strong>sub</strong></span> <span class='ocrx_word' id='word_1_142' title='bbox 2063 1777 2420 1854; x_wconf 86' lang='lat' dir='ltr'><strong>imaginibus</strong></span> <span class='ocrx_word' id='word_1_143' title='bbox 2456 1784 2644 1842; x_wconf 84' lang='lat' dir='ltr'><strong>Salu-</strong></span> 
     </span>
     <span class='ocr_line' id='line_1_18' title="bbox 479 1843 2640 1939; baseline 0.014 -43"><span class='ocrx_word' id='word_1_144' title='bbox 479 1843 557 1898; x_wconf 76' lang='lat' dir='ltr'><strong>tis</strong></span> <span class='ocrx_word' id='word_1_145' title='bbox 598 1843 870 1903; x_wconf 67' lang='grc' dir='ltr'><strong>Ιιιείίιίαο</strong></span> <span class='ocrx_word' id='word_1_146' title='bbox 914 1857 973 1904; x_wconf 89' lang='lat' dir='ltr'><strong>et</strong></span> <span class='ocrx_word' id='word_1_147' title='bbox 1011 1850 1262 1907; x_wconf 76' lang='lat' dir='ltr'><strong>Pietatis</strong></span> <span class='ocrx_word' id='word_1_148' title='bbox 1296 1853 1361 1909; x_wconf 89' lang='lat' dir='ltr'><strong>in</strong></span> <span class='ocrx_word' id='word_1_149' title='bbox 1397 1855 1853 1913; x_wconf 85' lang='lat' dir='ltr'><strong>numismatibus</strong></span> <span class='ocrx_word' id='word_1_150' title='bbox 1890 1872 2388 1939; x_wconf 77' lang='lat' dir='ltr'><strong>repraesentatur,</strong></span> <span class='ocrx_word' id='word_1_151' title='bbox 2447 1877 2502 1924; x_wconf 88' lang='lat' dir='ltr'><strong>et</strong></span> <span class='ocrx_word' id='word_1_152' title='bbox 2540 1887 2640 1926; x_wconf 87' lang='lat' dir='ltr'><strong>so-</strong></span> 
     </span>
     <span class='ocr_line' id='line_1_19' title="bbox 474 1926 2641 2014; baseline 0.014 -32"><span class='ocrx_word' id='word_1_153' title='bbox 474 1926 785 1989; x_wconf 88' lang='lat' dir='ltr'><strong>lummodo</strong></span> <span class='ocrx_word' id='word_1_154' title='bbox 831 1934 897 1989; x_wconf 89' lang='lat' dir='ltr'><strong>in</strong></span> <span class='ocrx_word' id='word_1_155' title='bbox 945 1934 1020 1992; x_wconf 84' lang='lat' dir='ltr'><strong>iis</strong></span> <span class='ocrx_word' id='word_1_156' title='bbox 1062 1935 1273 2014; x_wconf 88' lang='lat' dir='ltr'><strong>quibus</strong></span> <span class='ocrx_word' id='word_1_157' title='bbox 1301 1938 1637 1997; x_wconf 86' lang='lat' dir='ltr'><strong>inscribitur</strong></span> <span class='ocrx_word' id='word_1_158' title='bbox 1670 1940 1903 2012; x_wconf 69' lang='lat' dir='ltr'><strong>Pietas,</strong></span> <span class='ocrx_word' id='word_1_159' title='bbox 1947 1944 2155 2003; x_wconf 78' lang='lat' dir='ltr'><strong>visitur</strong></span> <span class='ocrx_word' id='word_1_160' title='bbox 2191 1946 2386 2005; x_wconf 73' lang='lat' dir='ltr'><strong>velata</strong></span> <span class='ocrx_word' id='word_1_161' title='bbox 2417 1972 2641 2012; x_wconf 74' lang='lat' dir='ltr'><strong>comas.-</strong></span> 
     </span>
     <span class='ocr_line' id='line_1_20' title="bbox 474 2013 668 2072; baseline 0.026 -5"><span class='ocrx_word' id='word_1_162' title='bbox 474 2013 668 2072; x_wconf 72' lang='lat' dir='ltr'><strong>Foca-</strong></span> 
     </span>
    </p>

    <p class='ocr_par' dir='ltr' id='par_1_4' title="bbox 466 2098 2640 2835">
     <span class='ocr_line' id='line_1_21' title="bbox 638 2098 2640 2189; baseline 0.011 -34"><span class='ocrx_word' id='word_1_163' title='bbox 638 2098 721 2157; x_wconf 78' lang='lat' dir='ltr'><strong>ib.</strong></span> <span class='ocrx_word' id='word_1_164' title='bbox 810 2100 999 2159; x_wconf 78' lang='lat' dir='ltr'><strong>oeulis</strong></span> <span class='ocrx_word' id='word_1_165' title='bbox 1029 2101 1321 2185; x_wconf 75' lang='lat' dir='ltr'><strong>benigna]</strong></span> <span class='ocrx_word' id='word_1_166' title='bbox 1369 2107 1465 2165; x_wconf 83' lang='lat' dir='ltr'><strong>cui</strong></span> <span class='ocrx_word' id='word_1_167' title='bbox 1486 2108 1897 2168; x_wconf 79' lang='lat' dir='ltr'><strong>benevolentia</strong></span> <span class='ocrx_word' id='word_1_168' title='bbox 1930 2130 2009 2168; x_wconf 74' lang='lat' dir='ltr'><strong>ex</strong></span> <span class='ocrx_word' id='word_1_169' title='bbox 2031 2109 2175 2189; x_wconf 85' lang='lat' dir='ltr'><strong>ipsis</strong></span> <span class='ocrx_word' id='word_1_170' title='bbox 2204 2114 2471 2174; x_wconf 88' lang='lat' dir='ltr'><strong>elucebat</strong></span> <span class='ocrx_word' id='word_1_171' title='bbox 2494 2138 2640 2177; x_wconf 85' lang='lat' dir='ltr'><strong>ocu-</strong></span> 
     </span>
     <span class='ocr_line' id='line_1_22' title="bbox 472 2183 2638 2273; baseline 0.01 -35"><span class='ocrx_word' id='word_1_172' title='bbox 472 2183 583 2239; x_wconf 88' lang='lat' dir='ltr'><strong>lis:</strong></span> <span class='ocrx_word' id='word_1_173' title='bbox 626 2193 907 2242; x_wconf 88' lang='lat' dir='ltr'><strong>testatum</strong></span> <span class='ocrx_word' id='word_1_174' title='bbox 935 2197 1024 2244; x_wconf 88' lang='lat' dir='ltr'><strong>est</strong></span> <span class='ocrx_word' id='word_1_175' title='bbox 1047 2191 1208 2245; x_wconf 87' lang='lat' dir='ltr'><strong>enim</strong></span> <span class='ocrx_word' id='word_1_176' title='bbox 1229 2193 1460 2249; x_wconf 79' lang='lat' dir='ltr'><strong>vultum</strong></span> <span class='ocrx_word' id='word_1_177' title='bbox 1480 2192 1701 2252; x_wconf 87' lang='lat' dir='ltr'><strong>indicia</strong></span> <span class='ocrx_word' id='word_1_178' title='bbox 1724 2198 1938 2252; x_wconf 87' lang='lat' dir='ltr'><strong>mentis</strong></span> <span class='ocrx_word' id='word_1_179' title='bbox 1961 2215 2101 2273; x_wconf 80' lang='lat' dir='ltr'><strong>prae</strong></span> <span class='ocrx_word' id='word_1_180' title='bbox 2124 2217 2187 2254; x_wconf 84' lang='lat' dir='ltr'><strong>se</strong></span> <span class='ocrx_word' id='word_1_181' title='bbox 2210 2198 2385 2257; x_wconf 89' lang='lat' dir='ltr'><strong>ferre.</strong></span> <span class='ocrx_word' id='word_1_182' title='bbox 2426 2200 2638 2261; x_wconf 88' lang='lat' dir='ltr'><strong>Achil-</strong></span> 
     </span>
     <span class='ocr_line' id='line_1_23' title="bbox 474 2266 2639 2358; baseline 0.013 -36"><span class='ocrx_word' id='word_1_183' title='bbox 474 2266 564 2323; x_wconf 89' lang='lat' dir='ltr'><strong>les</strong></span> <span class='ocrx_word' id='word_1_184' title='bbox 594 2269 804 2326; x_wconf 86' lang='lat' dir='ltr'><strong>Tatius</strong></span> <span class='ocrx_word' id='word_1_185' title='bbox 831 2272 905 2329; x_wconf 90' lang='lat'><strong>6:</strong></span> <span class='ocrx_word' id='word_1_186' title='bbox 952 2268 989 2331; x_wconf 80' lang='grc' dir='ltr'>ό</span> <span class='ocrx_word' id='word_1_187' title='bbox 1025 2268 1138 2353; x_wconf 62' lang='lat' dir='ltr'><strong>yde</strong></span> <span class='ocrx_word' id='word_1_188' title='bbox 1176 2278 1323 2347; x_wconf 79' lang='grc' dir='ltr'><strong><em>νοῦς</em></strong></span> <span class='ocrx_word' id='word_1_189' title='bbox 1360 2272 1436 2336; x_wconf 75' lang='grc' dir='ltr'><strong>οὕ</strong></span> <span class='ocrx_word' id='word_1_190' title='bbox 1478 2300 1579 2356; x_wconf 83' lang='grc' dir='ltr'><strong>μοι</strong></span> <span class='ocrx_word' id='word_1_191' title='bbox 1617 2278 1785 2355; x_wconf 64' lang='grc' dir='ltr'><em>δοκεῖ</em></span> <span class='ocrx_word' id='word_1_192' title='bbox 1820 2277 2092 2358; x_wconf 77' lang='grc' dir='ltr'><strong><em>λελέχθαι</em></strong></span> <span class='ocrx_word' id='word_1_193' title='bbox 2124 2286 2317 2356; x_wconf 74' lang='grc' dir='ltr'><strong><em>καλῶς</em></strong></span> <span class='ocrx_word' id='word_1_194' title='bbox 2347 2279 2502 2347; x_wconf 78' lang='grc' dir='ltr'><strong><em>εἶναι</em></strong></span> <span class='ocrx_word' id='word_1_195' title='bbox 2530 2282 2639 2350; x_wconf 79' lang='grc' dir='ltr'><strong><em>οἷό-</em></strong></span> 
     </span>
     <span class='ocr_line' id='line_1_24' title="bbox 476 2347 2639 2455; baseline 0.01 -46"><span class='ocrx_word' id='word_1_196' title='bbox 476 2373 656 2431; x_wconf 81' lang='grc' dir='ltr'><strong><em>ρατος</em></strong></span> <span class='ocrx_word' id='word_1_197' title='bbox 693 2347 759 2414; x_wconf 77' lang='grc' dir='ltr'><strong>τὸ</strong></span> <span class='ocrx_word' id='word_1_198' title='bbox 793 2347 1112 2432; x_wconf 74' lang='grc' dir='ltr'><em>παράπαν·</em></span> <span class='ocrx_word' id='word_1_199' title='bbox 1178 2360 1455 2435; x_wconf 80' lang='grc' dir='ltr'><strong><em>φαίνεται</em></strong></span> <span class='ocrx_word' id='word_1_200' title='bbox 1495 2358 1609 2442; x_wconf 73' lang='grc' dir='ltr'><strong>γὰρ</strong></span> <span class='ocrx_word' id='word_1_201' title='bbox 1663 2356 1929 2443; x_wconf 70' lang='grc' dir='ltr'><em>ἄκριβῶς</em></span> <span class='ocrx_word' id='word_1_202' title='bbox 1973 2362 2055 2436; x_wconf 69' lang='grc' dir='ltr'><strong>αἷς</strong></span> <span class='ocrx_word' id='word_1_203' title='bbox 2097 2364 2162 2425; x_wconf 77' lang='grc' dir='ltr'><strong>ἐν</strong></span> <span class='ocrx_word' id='word_1_204' title='bbox 2207 2364 2507 2452; x_wconf 77' lang='grc' dir='ltr'><strong>κατόπτρῳ</strong></span> <span class='ocrx_word' id='word_1_205' title='bbox 2552 2376 2639 2455; x_wconf 68' lang='grc' dir='ltr'><strong>τῷ</strong></span> 
     </span>
     <span class='ocr_line' id='line_1_25' title="bbox 470 2430 2633 2531; baseline 0.008 -36"><span class='ocrx_word' id='word_1_206' title='bbox 470 2430 791 2515; x_wconf 66' lang='grc' dir='ltr'><strong>προσώπῳ.</strong></span> <span class='ocrx_word' id='word_1_207' title='bbox 877 2443 1191 2519; x_wconf 84' lang='lat' dir='ltr'><strong>praecipue</strong></span> <span class='ocrx_word' id='word_1_208' title='bbox 1216 2463 1355 2502; x_wconf 85' lang='lat' dir='ltr'><strong>vero</strong></span> <span class='ocrx_word' id='word_1_209' title='bbox 1383 2465 1463 2502; x_wconf 85' lang='lat' dir='ltr'><strong>ex</strong></span> <span class='ocrx_word' id='word_1_210' title='bbox 1488 2448 1692 2506; x_wconf 90' lang='lat' dir='ltr'><strong>oculis.</strong></span> <span class='ocrx_word' id='word_1_211' title='bbox 1779 2446 1916 2506; x_wconf 85' lang='lat' dir='ltr'><strong>vide</strong></span> <span class='ocrx_word' id='word_1_212' title='bbox 1945 2446 2021 2505; x_wconf 92' lang='lat' dir='ltr'><strong>ad</strong></span> <span class='ocrx_word' id='word_1_213' title='bbox 2046 2448 2354 2507; x_wconf 86' lang='lat' dir='ltr'><strong>Claudiani</strong></span> <span class='ocrx_word' id='word_1_214' title='bbox 2380 2452 2633 2531; x_wconf 84' lang='lat' dir='ltr'><strong>Epitha—</strong></span> 
     </span>
     <span class='ocr_line' id='line_1_26' title="bbox 469 2520 2635 2614; baseline 0.009 -38"><span class='ocrx_word' id='word_1_215' title='bbox 469 2520 616 2577; x_wconf 87' lang='lat' dir='ltr'><strong>lam.</strong></span> <span class='ocrx_word' id='word_1_216' title='bbox 699 2523 966 2584; x_wconf 84' lang='lat' dir='ltr'><strong>Honorii.</strong></span> <span class='ocrx_word' id='word_1_217' title='bbox 1047 2527 1298 2604; x_wconf 83' lang='lat' dir='ltr'><strong>maligni</strong></span> <span class='ocrx_word' id='word_1_218' title='bbox 1342 2531 1534 2605; x_wconf 90' lang='lat' dir='ltr'><strong>oculi,</strong></span> <span class='ocrx_word' id='word_1_219' title='bbox 1579 2534 1683 2612; x_wconf 90' lang='lat' dir='ltr'><strong>qui</strong></span> <span class='ocrx_word' id='word_1_220' title='bbox 1726 2548 2022 2590; x_wconf 76' lang='lat' dir='ltr'><strong>venenum</strong></span> <span class='ocrx_word' id='word_1_221' title='bbox 2055 2533 2355 2614; x_wconf 87' lang='lat' dir='ltr'><strong>quoddam</strong></span> <span class='ocrx_word' id='word_1_222' title='bbox 2382 2540 2635 2597; x_wconf 78' lang='lat' dir='ltr'><strong>malivo-</strong></span> 
     </span>
     <span class='ocr_line' id='line_1_27' title="bbox 471 2605 2636 2703; baseline 0.009 -40"><span class='ocrx_word' id='word_1_223' title='bbox 471 2606 691 2663; x_wconf 89' lang='lat' dir='ltr'><strong>lentiae</strong></span> <span class='ocrx_word' id='word_1_224' title='bbox 736 2626 878 2686; x_wconf 87' lang='lat' dir='ltr'><strong>prae</strong></span> <span class='ocrx_word' id='word_1_225' title='bbox 922 2628 987 2666; x_wconf 85' lang='lat' dir='ltr'><strong>se</strong></span> <span class='ocrx_word' id='word_1_226' title='bbox 1026 2605 1242 2673; x_wconf 78' lang='lat' dir='ltr'><strong>ferunt.</strong></span> <span class='ocrx_word' id='word_1_227' title='bbox 1341 2616 1575 2674; x_wconf 86' lang='lat' dir='ltr'><strong>Gratius</strong></span> <span class='ocrx_word' id='word_1_228' title='bbox 1614 2618 1895 2696; x_wconf 81' lang='lat' dir='ltr'><strong>Cyneget.</strong></span> <span class='ocrx_word' id='word_1_229' title='bbox 1943 2619 2099 2681; x_wconf 81' lang='lat'><strong>406:</strong></span> <span class='ocrx_word' id='word_1_230' title='bbox 2156 2642 2232 2677; x_wconf 85' lang='lat' dir='ltr'><strong>ac</strong></span> <span class='ocrx_word' id='word_1_231' title='bbox 2267 2624 2353 2679; x_wconf 76' lang='lat' dir='ltr'><strong>sic</strong></span> <span class='ocrx_word' id='word_1_232' title='bbox 2392 2623 2636 2703; x_wconf 72' lang='lat' dir='ltr'><strong>officia-s</strong></span> 
     </span>
     <span class='ocr_line' id='line_1_28' title="bbox 470 2690 2627 2782; baseline 0.009 -34"><span class='ocrx_word' id='word_1_233' title='bbox 470 2690 744 2770; x_wconf 79' lang='lat' dir='ltr'><strong>oculique</strong></span> <span class='ocrx_word' id='word_1_234' title='bbox 807 2712 1031 2751; x_wconf 71' lang='lat' dir='ltr'><strong>venena</strong></span> <span class='ocrx_word' id='word_1_235' title='bbox 1093 2695 1354 2775; x_wconf 75' lang='lat' dir='ltr'><strong>maligni</strong></span> <span class='ocrx_word' id='word_1_236' title='bbox 1409 2701 1552 2757; x_wconf 68' lang='lat' dir='ltr'><strong>vicit</strong></span> <span class='ocrx_word' id='word_1_237' title='bbox 1611 2702 1796 2759; x_wconf 78' lang='lat' dir='ltr'><strong>tutela</strong></span> <span class='ocrx_word' id='word_1_238' title='bbox 1841 2724 1973 2781; x_wconf 78' lang='lat' dir='ltr'><strong>pax</strong></span> <span class='ocrx_word' id='word_1_239' title='bbox 2015 2706 2327 2782; x_wconf 68' lang='lat' dir='ltr'><strong>impetrata</strong></span> <span class='ocrx_word' id='word_1_240' title='bbox 2369 2708 2627 2767; x_wconf 76' lang='lat' dir='ltr'><strong>deorum.</strong></span> 
     </span>
     <span class='ocr_line' id='line_1_29' title="bbox 466 2777 718 2835; baseline 0.012 -3"><span class='ocrx_word' id='word_1_241' title='bbox 466 2777 718 2835; x_wconf 74' lang='lat' dir='ltr'><strong>BAn‘rn.</strong></span> 
     </span>
    </p>

    <p class='ocr_par' dir='ltr' id='par_1_5' title="bbox 467 2859 2637 3031">
     <span class='ocr_line' id='line_1_30' title="bbox 471 2859 2637 2957; baseline 0.007 -36"><span class='ocrx_word' id='word_1_242' title='bbox 471 2873 478 2878; x_wconf 85' lang='lat'>&#39;</span> <span class='ocrx_word' id='word_1_243' title='bbox 634 2864 736 2926; x_wconf 82' lang='lat'><strong>36.</strong></span> <span class='ocrx_word' id='word_1_244' title='bbox 820 2859 1101 2940; x_wconf 85' lang='lat' dir='ltr'><strong>pietatem</strong></span> <span class='ocrx_word' id='word_1_245' title='bbox 1139 2865 1424 2946; x_wconf 77' lang='lat' dir='ltr'><strong>Coi-ippus</strong></span> <span class='ocrx_word' id='word_1_246' title='bbox 1463 2866 1719 2945; x_wconf 83' lang='lat' dir='ltr'><strong>inducit,</strong></span> <span class='ocrx_word' id='word_1_247' title='bbox 1765 2872 1902 2950; x_wconf 81' lang='lat' dir='ltr'><strong>quia</strong></span> <span class='ocrx_word' id='word_1_248' title='bbox 1928 2873 2184 2931; x_wconf 85' lang='lat' dir='ltr'><strong>Iustinus</strong></span> <span class='ocrx_word' id='word_1_249' title='bbox 2210 2875 2373 2935; x_wconf 87' lang='lat' dir='ltr'><strong>initio</strong></span> <span class='ocrx_word' id='word_1_250' title='bbox 2400 2878 2637 2957; x_wconf 79' lang='lat' dir='ltr'><strong>imperii</strong></span> 
     </span>
     <span class='ocr_line' id='line_1_31' title="bbox 467 2948 2290 3031; baseline 0.008 -28"><span class='ocrx_word' id='word_1_251' title='bbox 467 2948 559 3003; x_wconf 88' lang='lat' dir='ltr'><strong>sui</strong></span> <span class='ocrx_word' id='word_1_252' title='bbox 584 2965 652 3004; x_wconf 84' lang='lat' dir='ltr'><strong>ea</strong></span> <span class='ocrx_word' id='word_1_253' title='bbox 676 2948 1050 3025; x_wconf 88' lang='lat' dir='ltr'><strong>potissimum</strong></span> <span class='ocrx_word' id='word_1_254' title='bbox 1076 2951 1290 3008; x_wconf 80' lang='lat' dir='ltr'><strong>virtute</strong></span> <span class='ocrx_word' id='word_1_255' title='bbox 1315 2954 1611 3031; x_wconf 83' lang='lat' dir='ltr'><strong>insignem</strong></span> <span class='ocrx_word' id='word_1_256' title='bbox 1640 2975 1704 3013; x_wconf 90' lang='lat' dir='ltr'><strong>se</strong></span> <span class='ocrx_word' id='word_1_257' title='bbox 1733 2953 2010 3014; x_wconf 85' lang='lat' dir='ltr'><strong>ostendit.</strong></span> <span class='ocrx_word' id='word_1_258' title='bbox 2097 2957 2290 3018; x_wconf 80' lang='lat' dir='ltr'><strong>Focc.</strong></span> 
     </span>
    </p>

    <p class='ocr_par' dir='ltr' id='par_1_6' title="bbox 464 3031 2631 3366">
     <span class='ocr_line' id='line_1_32' title="bbox 632 3031 2631 3119; baseline 0.007 -32"><span class='ocrx_word' id='word_1_259' title='bbox 632 3034 733 3095; x_wconf 82' lang='lat'><strong>38.</strong></span> <span class='ocrx_word' id='word_1_260' title='bbox 824 3031 845 3109; x_wconf 65' lang='lat' dir='ltr'><strong>f</strong></span> <span class='ocrx_word' id='word_1_261' title='bbox 856 3053 946 3091; x_wconf 86' lang='lat' dir='ltr'><strong>ms</strong></span> <span class='ocrx_word' id='word_1_262' title='bbox 988 3039 1351 3116; x_wconf 78' lang='lat' dir='ltr'><strong>sanctique.]</strong></span> <span class='ocrx_word' id='word_1_263' title='bbox 1441 3042 1649 3119; x_wconf 85' lang='lat' dir='ltr'><strong>scripsi</strong></span> <span class='ocrx_word' id='word_1_264' title='bbox 1694 3052 1898 3098; x_wconf 75' lang='lat' dir='ltr'><strong>sancto</strong></span> <span class='ocrx_word' id='word_1_265' title='bbox 1938 3040 2303 3113; x_wconf 69' lang='lat' dir='ltr'><strong>diademate,</strong></span> <span class='ocrx_word' id='word_1_266' title='bbox 2340 3041 2448 3100; x_wconf 89' lang='lat' dir='ltr'><strong>sed</strong></span> <span class='ocrx_word' id='word_1_267' title='bbox 2481 3045 2631 3103; x_wconf 84' lang='lat' dir='ltr'><strong>forte</strong></span> 
     </span>
     <span class='ocr_line' id='line_1_33' title="bbox 467 3116 2631 3206; baseline 0.007 -35"><span class='ocrx_word' id='word_1_268' title='bbox 467 3116 680 3174; x_wconf 84' lang='lat' dir='ltr'><strong>melius</strong></span> <span class='ocrx_word' id='word_1_269' title='bbox 715 3119 1079 3196; x_wconf 82' lang='lat' dir='ltr'><strong>scripsissem</strong></span> <span class='ocrx_word' id='word_1_270' title='bbox 1107 3133 1380 3178; x_wconf 77' lang='lat' dir='ltr'><strong>sanctum</strong></span> <span class='ocrx_word' id='word_1_271' title='bbox 1413 3134 1615 3199; x_wconf 78' lang='lat' dir='ltr'><strong>caput.</strong></span> <span class='ocrx_word' id='word_1_272' title='bbox 1706 3128 1746 3188; x_wconf 80' lang='lat'><strong>2</strong></span> <span class='ocrx_word' id='word_1_273' title='bbox 1795 3125 1911 3188; x_wconf 87' lang='lat'><strong>165</strong></span> <span class='ocrx_word' id='word_1_274' title='bbox 1930 3165 1953 3200; x_wconf 82' lang='lat'><strong>,-</strong></span> <span class='ocrx_word' id='word_1_275' title='bbox 1991 3126 2093 3182; x_wconf 92' lang='lat' dir='ltr'><strong>ubi</strong></span> <span class='ocrx_word' id='word_1_276' title='bbox 2136 3145 2199 3183; x_wconf 88' lang='lat' dir='ltr'><strong>re</strong></span> <span class='ocrx_word' id='word_1_277' title='bbox 2242 3130 2368 3206; x_wconf 87' lang='lat' dir='ltr'><strong>ipsa</strong></span> <span class='ocrx_word' id='word_1_278' title='bbox 2406 3129 2631 3187; x_wconf 87' lang='lat' dir='ltr'><strong>factum</strong></span> 
     </span>
     <span class='ocr_line' id='line_1_34' title="bbox 469 3199 2629 3286; baseline 0.006 -30"><span class='ocrx_word' id='word_1_279' title='bbox 469 3199 813 3258; x_wconf 82' lang='lat' dir='ltr'><strong>describitur</strong></span> <span class='ocrx_word' id='word_1_280' title='bbox 855 3201 1018 3282; x_wconf 83' lang='lat' dir='ltr'><strong>quod</strong></span> <span class='ocrx_word' id='word_1_281' title='bbox 1063 3202 1163 3260; x_wconf 86' lang='lat' dir='ltr'><strong>hic</strong></span> <span class='ocrx_word' id='word_1_282' title='bbox 1209 3205 1434 3262; x_wconf 87' lang='lat' dir='ltr'><strong>factum</strong></span> <span class='ocrx_word' id='word_1_283' title='bbox 1480 3207 1722 3284; x_wconf 85' lang='lat' dir='ltr'><strong>fingitur</strong></span> <span class='ocrx_word' id='word_1_284' title='bbox 1769 3228 1877 3286; x_wconf 88' lang='lat' dir='ltr'><strong>per</strong></span> <span class='ocrx_word' id='word_1_285' title='bbox 1918 3211 2147 3284; x_wconf 70' lang='lat' dir='ltr'><strong>visum,</strong></span> <span class='ocrx_word' id='word_1_286' title='bbox 2191 3212 2276 3270; x_wconf 87' lang='lat' dir='ltr'><strong>sio</strong></span> <span class='ocrx_word' id='word_1_287' title='bbox 2303 3214 2425 3270; x_wconf 65' lang='lat' dir='ltr'><strong>ait:</strong></span> <span class='ocrx_word' id='word_1_288' title='bbox 2459 3234 2629 3270; x_wconf 77' lang='lat' dir='ltr'><strong>sacro</strong></span> 
     </span>
     <span class='ocr_line' id='line_1_35' title="bbox 464 3285 2157 3366; baseline 0.006 -25"><span class='ocrx_word' id='word_1_289' title='bbox 464 3285 794 3343; x_wconf 78' lang='lat' dir='ltr'><strong>diademate</strong></span> <span class='ocrx_word' id='word_1_290' title='bbox 827 3288 1001 3343; x_wconf 74' lang='lat' dir='ltr'><strong>iussit</strong></span> <span class='ocrx_word' id='word_1_291' title='bbox 1027 3287 1381 3366; x_wconf 72' lang='lat' dir='ltr'><strong>Augustum</strong></span> <span class='ocrx_word' id='word_1_292' title='bbox 1412 3294 1644 3346; x_wconf 77' lang='lat' dir='ltr'><strong>sancire</strong></span> <span class='ocrx_word' id='word_1_293' title='bbox 1673 3299 1871 3366; x_wconf 79' lang='lat' dir='ltr'><strong>caput.</strong></span> <span class='ocrx_word' id='word_1_294' title='bbox 1960 3291 2157 3352; x_wconf 68' lang='lat' dir='ltr'><strong>Foco.</strong></span> 
     </span>
    </p>

    <p class='ocr_par' dir='ltr' id='par_1_7' title="bbox 462 3370 2627 4220">
     <span class='ocr_line' id='line_1_36' title="bbox 630 3370 2627 3456; baseline 0.005 -29"><span class='ocrx_word' id='word_1_295' title='bbox 630 3370 732 3434; x_wconf 82' lang='lat'><strong>41.</strong></span> <span class='ocrx_word' id='word_1_296' title='bbox 819 3373 1026 3449; x_wconf 86' lang='lat' dir='ltr'><strong>iungat</strong></span> <span class='ocrx_word' id='word_1_297' title='bbox 1061 3376 1335 3451; x_wconf 87' lang='lat' dir='ltr'><strong>princeps</strong></span> <span class='ocrx_word' id='word_1_298' title='bbox 1370 3385 1653 3432; x_wconf 89' lang='lat' dir='ltr'><strong>terrorem</strong></span> <span class='ocrx_word' id='word_1_299' title='bbox 1697 3377 1919 3432; x_wconf 87' lang='lat' dir='ltr'><strong>amori:</strong></span> <span class='ocrx_word' id='word_1_300' title='bbox 1974 3375 2073 3434; x_wconf 86' lang='lat' dir='ltr'><strong>hic</strong></span> <span class='ocrx_word' id='word_1_301' title='bbox 2116 3377 2520 3456; x_wconf 80' lang='lat' dir='ltr'><strong>disciplinam,</strong></span> <span class='ocrx_word' id='word_1_302' title='bbox 2576 3380 2627 3438; x_wconf 91' lang='lat' dir='ltr'><strong>is</strong></span> 
     </span>
     <span class='ocr_line' id='line_1_37' title="bbox 465 3457 2624 3522; baseline 0.006 -13"><span class='ocrx_word' id='word_1_303' title='bbox 465 3463 740 3511; x_wconf 88' lang='lat' dir='ltr'><strong>mutuum</strong></span> <span class='ocrx_word' id='word_1_304' title='bbox 784 3475 818 3511; x_wconf 90' lang='lat' dir='ltr'><strong>a</strong></span> <span class='ocrx_word' id='word_1_305' title='bbox 862 3457 1087 3514; x_wconf 74' lang='lat' dir='ltr'><strong>civibus</strong></span> <span class='ocrx_word' id='word_1_306' title='bbox 1131 3469 1395 3515; x_wconf 84' lang='lat' dir='ltr'><strong>amorem</strong></span> <span class='ocrx_word' id='word_1_307' title='bbox 1439 3469 1615 3517; x_wconf 89' lang='lat' dir='ltr'><strong>creat.</strong></span> <span class='ocrx_word' id='word_1_308' title='bbox 1706 3457 1876 3517; x_wconf 80' lang='lat' dir='ltr'><strong>ovid.</strong></span> <span class='ocrx_word' id='word_1_309' title='bbox 1920 3460 2160 3518; x_wconf 89' lang='lat' dir='ltr'><strong>Metam.</strong></span> <span class='ocrx_word' id='word_1_310' title='bbox 2191 3466 2229 3522; x_wconf 87' lang='lat'><strong>7</strong></span> <span class='ocrx_word' id='word_1_311' title='bbox 2276 3461 2348 3518; x_wconf 92' lang='lat' dir='ltr'><strong>de</strong></span> <span class='ocrx_word' id='word_1_312' title='bbox 2381 3461 2624 3521; x_wconf 85' lang='lat' dir='ltr'><strong>Medea:</strong></span> 
     </span>
     <span class='ocr_line' id='line_1_38' title="bbox 463 3540 2626 3620; baseline 0.005 -26"><span class='ocrx_word' id='word_1_313' title='bbox 463 3541 662 3616; x_wconf 79' lang='lat' dir='ltr'><strong>ipsum</strong></span> <span class='ocrx_word' id='word_1_314' title='bbox 717 3543 887 3596; x_wconf 77' lang='lat' dir='ltr'><strong>timor</strong></span> <span class='ocrx_word' id='word_1_315' title='bbox 939 3552 1122 3620; x_wconf 79' lang='lat' dir='ltr'><strong>auget</strong></span> <span class='ocrx_word' id='word_1_316' title='bbox 1169 3564 1445 3600; x_wconf 83' lang='lat' dir='ltr'><strong>amorem.</strong></span> <span class='ocrx_word' id='word_1_317' title='bbox 1539 3542 1849 3602; x_wconf 76' lang='lat' dir='ltr'><strong>claudian.</strong></span> <span class='ocrx_word' id='word_1_318' title='bbox 1898 3540 1971 3601; x_wconf 91' lang='lat' dir='ltr'><strong>de</strong></span> <span class='ocrx_word' id='word_1_319' title='bbox 2011 3543 2051 3606; x_wconf 81' lang='lat'><strong>4</strong></span> <span class='ocrx_word' id='word_1_320' title='bbox 2092 3547 2244 3602; x_wconf 88' lang='lat' dir='ltr'><strong>Hon.</strong></span> <span class='ocrx_word' id='word_1_321' title='bbox 2289 3548 2626 3605; x_wconf 87' lang='lat' dir='ltr'><strong>consulatu:</strong></span> 
     </span>
     <span class='ocr_line' id='line_1_39' title="bbox 463 3626 2624 3706; baseline 0.004 -26"><span class='ocrx_word' id='word_1_322' title='bbox 463 3626 642 3680; x_wconf 61' lang='lat' dir='ltr'><strong>mimo</strong></span> <span class='ocrx_word' id='word_1_323' title='bbox 682 3627 1003 3682; x_wconf 69' lang='lat' dir='ltr'><strong>reverentia</strong></span> <span class='ocrx_word' id='word_1_324' title='bbox 1030 3626 1183 3699; x_wconf 77' lang='lat' dir='ltr'><strong>fidit</strong></span> <span class='ocrx_word' id='word_1_325' title='bbox 1221 3631 1428 3686; x_wconf 77' lang='lat' dir='ltr'><strong>amori.</strong></span> <span class='ocrx_word' id='word_1_326' title='bbox 1521 3638 1580 3686; x_wconf 87' lang='lat' dir='ltr'><strong>et</strong></span> <span class='ocrx_word' id='word_1_327' title='bbox 1616 3626 1688 3685; x_wconf 89' lang='lat' dir='ltr'><strong>de</strong></span> <span class='ocrx_word' id='word_1_328' title='bbox 1725 3630 1956 3706; x_wconf 85' lang='lat' dir='ltr'><strong>nuptiis·</strong></span> <span class='ocrx_word' id='word_1_329' title='bbox 1985 3632 2231 3687; x_wconf 87' lang='lat' dir='ltr'><strong>Honorii</strong></span> <span class='ocrx_word' id='word_1_330' title='bbox 2274 3641 2331 3686; x_wconf 84' lang='lat' dir='ltr'><strong>et</strong></span> <span class='ocrx_word' id='word_1_331' title='bbox 2370 3631 2624 3689; x_wconf 86' lang='lat' dir='ltr'><strong>Mariae:</strong></span> 
     </span>
     <span class='ocr_line' id='line_1_40' title="bbox 462 3709 2617 3791; baseline 0.003 -25"><span class='ocrx_word' id='word_1_332' title='bbox 462 3709 771 3787; x_wconf 78' lang='lat' dir='ltr'><strong>diligimus</strong></span> <span class='ocrx_word' id='word_1_333' title='bbox 793 3713 1021 3787; x_wconf 78' lang='lat' dir='ltr'><strong>pariter</strong></span> <span class='ocrx_word' id='word_1_334' title='bbox 1035 3716 1374 3791; x_wconf 76' lang='lat' dir='ltr'><strong>pariterque</strong></span> <span class='ocrx_word' id='word_1_335' title='bbox 1401 3715 1687 3771; x_wconf 55' lang='lat' dir='ltr'><strong>timentum</strong></span> <span class='ocrx_word' id='word_1_336' title='bbox 1778 3715 1902 3790; x_wconf 65' lang='lat' dir='ltr'><strong>:pse</strong></span> <span class='ocrx_word' id='word_1_337' title='bbox 1927 3725 2114 3770; x_wconf 73' lang='lat' dir='ltr'><strong>metus</strong></span> <span class='ocrx_word' id='word_1_338' title='bbox 2139 3725 2192 3769; x_wconf 80' lang='lat' dir='ltr'><strong>te</strong></span> <span class='ocrx_word' id='word_1_339' title='bbox 2215 3725 2407 3770; x_wconf 76' lang='lat' dir='ltr'><strong>nosler</strong></span> <span class='ocrx_word' id='word_1_340' title='bbox 2433 3725 2617 3773; x_wconf 79' lang='lat' dir='ltr'><strong>amat.</strong></span> 
     </span>
     <span class='ocr_line' id='line_1_41' title="bbox 465 3792 2627 3877; baseline 0.003 -29"><span class='ocrx_word' id='word_1_341' title='bbox 465 3792 718 3873; x_wconf 86' lang='lat' dir='ltr'><strong>denique</strong></span> <span class='ocrx_word' id='word_1_342' title='bbox 748 3793 823 3852; x_wconf 90' lang='lat' dir='ltr'><strong>de</strong></span> <span class='ocrx_word' id='word_1_343' title='bbox 850 3793 1016 3853; x_wconf 86' lang='lat' dir='ltr'><strong>laud.</strong></span> <span class='ocrx_word' id='word_1_344' title='bbox 1048 3796 1280 3855; x_wconf 80' lang='lat' dir='ltr'><strong>Stilich.</strong></span> <span class='ocrx_word' id='word_1_345' title='bbox 1312 3800 1381 3870; x_wconf 78' lang='lat'><strong>2,</strong></span> <span class='ocrx_word' id='word_1_346' title='bbox 1425 3799 1528 3855; x_wconf 82' lang='lat' dir='ltr'><strong>ubi</strong></span> <span class='ocrx_word' id='word_1_347' title='bbox 1562 3799 1765 3877; x_wconf 86' lang='lat' dir='ltr'><strong>plura:</strong></span> <span class='ocrx_word' id='word_1_348' title='bbox 1811 3808 2030 3877; x_wconf 79' lang='lat' dir='ltr'><strong>quanto</strong></span> <span class='ocrx_word' id='word_1_349' title='bbox 2046 3799 2252 3876; x_wconf 74' lang='lat' dir='ltr'><strong>frenet</strong></span> <span class='ocrx_word' id='word_1_350' title='bbox 2284 3801 2627 3857; x_wconf 73' lang='lat' dir='ltr'><strong>metuendus</strong></span> 
     </span>
     <span class='ocr_line' id='line_1_42' title="bbox 464 3882 2624 3961; baseline 0.003 -29"><span class='ocrx_word' id='word_1_351' title='bbox 464 3898 680 3935; x_wconf 80' lang='lat' dir='ltr'><strong>amore.</strong></span> <span class='ocrx_word' id='word_1_352' title='bbox 727 3882 1007 3940; x_wconf 71' lang='lat' dir='ltr'><strong>DnMrs&#39;r.</strong></span> <span class='ocrx_word' id='word_1_353' title='bbox 1094 3889 1406 3960; x_wconf 78' lang='lat' dir='ltr'><strong>utrumque</strong></span> <span class='ocrx_word' id='word_1_354' title='bbox 1452 3885 1513 3939; x_wconf 91' lang='lat' dir='ltr'><strong>in</strong></span> <span class='ocrx_word' id='word_1_355' title='bbox 1557 3884 1823 3961; x_wconf 84' lang='lat' dir='ltr'><strong>principe</strong></span> <span class='ocrx_word' id='word_1_356' title='bbox 1862 3885 2137 3960; x_wconf 84' lang='lat' dir='ltr'><strong>coniungi</strong></span> <span class='ocrx_word' id='word_1_357' title='bbox 2169 3893 2428 3961; x_wconf 85' lang='lat' dir='ltr'><strong>oportet:</strong></span> <span class='ocrx_word' id='word_1_358' title='bbox 2474 3884 2624 3940; x_wconf 86' lang='lat' dir='ltr'><strong>alte-</strong></span> 
     </span>
     <span class='ocr_line' id='line_1_43' title="bbox 466 3964 2622 4046; baseline 0.003 -30"><span class='ocrx_word' id='word_1_359' title='bbox 466 3980 597 4017; x_wconf 87' lang='lat' dir='ltr'><strong>rum</strong></span> <span class='ocrx_word' id='word_1_360' title='bbox 637 3964 980 4026; x_wconf 80' lang='lat' dir='ltr'><strong>sine,altero</strong></span> <span class='ocrx_word' id='word_1_361' title='bbox 1021 3975 1122 4023; x_wconf 88' lang='lat' dir='ltr'><strong>aut</strong></span> <span class='ocrx_word' id='word_1_362' title='bbox 1159 3983 1408 4025; x_wconf 80' lang='lat' dir='ltr'><strong>exosum</strong></span> <span class='ocrx_word' id='word_1_363' title='bbox 1438 3975 1542 4024; x_wconf 73' lang='lat' dir='ltr'><strong>aut</strong></span> <span class='ocrx_word' id='word_1_364' title='bbox 1572 3973 1933 4026; x_wconf 82' lang='lat' dir='ltr'><strong>contemtum</strong></span> <span class='ocrx_word' id='word_1_365' title='bbox 1962 3967 2153 4025; x_wconf 87' lang='lat' dir='ltr'><strong>reddit</strong></span> <span class='ocrx_word' id='word_1_366' title='bbox 2180 3978 2237 4025; x_wconf 91' lang='lat' dir='ltr'><strong>et</strong></span> <span class='ocrx_word' id='word_1_367' title='bbox 2259 3965 2622 4046; x_wconf 87' lang='lat' dir='ltr'><strong>pessumdat.</strong></span> 
     </span>
     <span class='ocr_line' id='line_1_44' title="bbox 467 4044 2622 4130; baseline 0.005 -31"><span class='ocrx_word' id='word_1_368' title='bbox 467 4049 720 4120; x_wconf 81' lang='lat' dir='ltr'><strong>pertinet</strong></span> <span class='ocrx_word' id='word_1_369' title='bbox 761 4044 880 4105; x_wconf 88' lang='lat' dir='ltr'><strong>huc</strong></span> <span class='ocrx_word' id='word_1_370' title='bbox 924 4053 1287 4129; x_wconf 84' lang='lat' dir='ltr'><strong>epigramma</strong></span> <span class='ocrx_word' id='word_1_371' title='bbox 1334 4053 1620 4109; x_wconf 87' lang='lat' dir='ltr'><strong>Graecum</strong></span> <span class='ocrx_word' id='word_1_372' title='bbox 1663 4054 1873 4110; x_wconf 75' lang='lat' dir='ltr'><strong>incerti</strong></span> <span class='ocrx_word' id='word_1_373' title='bbox 1919 4055 2172 4110; x_wconf 80' lang='lat' dir='ltr'><strong>auctoris</strong></span> <span class='ocrx_word' id='word_1_374' title='bbox 2218 4053 2303 4124; x_wconf 82' lang='grc' dir='ltr'><strong>εἰς</strong></span> <span class='ocrx_word' id='word_1_375' title='bbox 2349 4049 2622 4130; x_wconf 64' lang='grc' dir='ltr'><strong><em>ἄρχοντα,</em></strong></span> 
     </span>
     <span class='ocr_line' id='line_1_45' title="bbox 465 4127 2626 4220; baseline 0.008 -37"><span class='ocrx_word' id='word_1_376' title='bbox 465 4127 787 4208; x_wconf 82' lang='lat' dir='ltr'><strong>Antholog.</strong></span> <span class='ocrx_word' id='word_1_377' title='bbox 817 4130 859 4193; x_wconf 85' lang='lat'><strong>4</strong></span> <span class='ocrx_word' id='word_1_378' title='bbox 901 4131 972 4207; x_wconf 80' lang='grc'><strong>4,</strong></span> <span class='ocrx_word' id='word_1_379' title='bbox 1018 4137 1103 4209; x_wconf 77' lang='grc' dir='ltr'><strong>εἰς</strong></span> <span class='ocrx_word' id='word_1_380' title='bbox 1130 4129 1367 4210; x_wconf 74' lang='grc' dir='ltr'><strong><em>εἰκόνας</em></strong></span> <span class='ocrx_word' id='word_1_381' title='bbox 1396 4136 1717 4215; x_wconf 76' lang='grc' dir='ltr'><strong><em>βασιλέων,</em></strong></span> <span class='ocrx_word' id='word_1_382' title='bbox 1763 4137 1969 4209; x_wconf 75' lang='grc' dir='ltr'><strong><em>Μῑξόν</em></strong></span> <span class='ocrx_word' id='word_1_383' title='bbox 1995 4138 2244 4220; x_wconf 74' lang='grc' dir='ltr'><strong><em>μειλιχίῃ</em></strong></span> <span class='ocrx_word' id='word_1_384' title='bbox 2275 4148 2382 4192; x_wconf 84' lang='lat' dir='ltr'><strong>etc·</strong></span> <span class='ocrx_word' id='word_1_385' title='bbox 2440 4137 2626 4191; x_wconf 74' lang='lat' dir='ltr'><strong>RIT&#39;I&#39;·</strong></span> 
     </span>
    </p>

    <p class='ocr_par' dir='ltr' id='par_1_8' title="bbox 466 4212 2629 4384">
     <span class='ocr_line' id='line_1_46' title="bbox 634 4212 2626 4300; baseline -0.002 -25"><span class='ocrx_word' id='word_1_386' title='bbox 634 4212 736 4277; x_wconf 78' lang='lat'><strong>43.</strong></span> <span class='ocrx_word' id='word_1_387' title='bbox 820 4219 1127 4299; x_wconf 72' lang='lat' dir='ltr'><strong>secundis]</strong></span> <span class='ocrx_word' id='word_1_388' title='bbox 1173 4239 1388 4299; x_wconf 85' lang='lat' dir='ltr'><strong>nempe</strong></span> <span class='ocrx_word' id='word_1_389' title='bbox 1407 4220 1715 4298; x_wconf 74' lang='lat' dir='ltr'><strong>partibus,</strong></span> <span class='ocrx_word' id='word_1_390' title='bbox 1760 4239 1906 4300; x_wconf 87' lang='lat' dir='ltr'><strong>quas</strong></span> <span class='ocrx_word' id='word_1_391' title='bbox 1932 4223 2141 4279; x_wconf 87' lang='lat' dir='ltr'><strong>Iustini</strong></span> <span class='ocrx_word' id='word_1_392' title='bbox 2173 4231 2296 4278; x_wconf 88' lang='lat' dir='ltr'><strong>erat</strong></span> <span class='ocrx_word' id='word_1_393' title='bbox 2327 4237 2498 4295; x_wconf 81' lang='lat' dir='ltr'><strong>agere</strong></span> <span class='ocrx_word' id='word_1_394' title='bbox 2525 4236 2626 4273; x_wconf 88' lang='lat' dir='ltr'><strong>ac-</strong></span> 
     </span>
     <span class='ocr_line' id='line_1_47' title="bbox 466 4287 2629 4384; baseline 0.007 -32"><span class='ocrx_word' id='word_1_395' title='bbox 466 4287 737 4376; x_wconf 79' lang='lat' dir='ltr'><strong>cipiendo</strong></span> <span class='ocrx_word' id='word_1_396' title='bbox 763 4301 1110 4379; x_wconf 87' lang='lat' dir='ltr'><strong>imperium:</strong></span> <span class='ocrx_word' id='word_1_397' title='bbox 1155 4308 1375 4384; x_wconf 62' lang='lat' dir='ltr'><strong>prima-s</strong></span> <span class='ocrx_word' id='word_1_398' title='bbox 1402 4307 1561 4363; x_wconf 87' lang='lat' dir='ltr'><strong>enim</strong></span> <span class='ocrx_word' id='word_1_399' title='bbox 1587 4316 1785 4384; x_wconf 82' lang='lat' dir='ltr'><strong>egerat</strong></span> <span class='ocrx_word' id='word_1_400' title='bbox 1814 4308 2202 4379; x_wconf 73' lang='lat' dir='ltr'><strong>lastinianus,</strong></span> <span class='ocrx_word' id='word_1_401' title='bbox 2247 4305 2348 4383; x_wconf 87' lang='lat' dir='ltr'><strong>qui</strong></span> <span class='ocrx_word' id='word_1_402' title='bbox 2372 4304 2629 4361; x_wconf 72' lang='lat' dir='ltr'><strong>morlens</strong></span> 
     </span>
    </p>

    <p class='ocr_par' dir='ltr' id='par_1_9' title="bbox 555 4403 2222 4467">
     <span class='ocr_line' id='line_1_48' title="bbox 555 4403 2222 4467; baseline 0.002 -6"><span class='ocrx_word' id='word_1_403' title='bbox 555 4407 755 4464; x_wconf 75' lang='lat' dir='ltr'><strong>Merob.</strong></span> <span class='ocrx_word' id='word_1_404' title='bbox 798 4414 850 4463; x_wconf 74' lang='lat' dir='ltr'><strong>ct</strong></span> <span class='ocrx_word' id='word_1_405' title='bbox 893 4408 1013 4461; x_wconf 81' lang='lat' dir='ltr'><strong>Gor.</strong></span> <span class='ocrx_word' id='word_1_406' title='bbox 1835 4423 1838 4426; x_wconf 76' lang='grc'>’</span> <span class='ocrx_word' id='word_1_407' title='bbox 2140 4403 2222 4467; x_wconf 82' lang='grc'><strong>25</strong></span> 
     </span>
    </p>
   </div>
  </div>
 </body>
</html>
