3210 5200
1031 363 1558 433 IOHANNIDOS
1607 362 1765 429 LIB.
1812 304 1952 431 VI.¹

560 527 944 612 cornipedum
971 528 1207 592 fodiens
1231 528 1431 590 densis
1457 528 1782 588 calcaribus
1806 548 2001 588 annos

389 629 514 699 445
555 631 744 692 hostis
774 644 1023 713 uterque
1050 634 1233 692 volat.
1319 635 1584 712 sequitur
1611 643 1752 690 tunc
1777 633 2015 709 agmina
2038 629 2254 709 pulvis,

555 735 963 815 significatque
988 737 1137 794 vias.
1222 733 1455 812 dirupto
1481 753 1713 791 carcere
1745 742 1956 790 ventus

555 855 675 895 non
701 837 873 896 aliter
896 846 1128 896 teneras
1154 837 1298 894 flatu
1324 836 1622 894 convolvit
1649 853 1880 908 arenas,

557 958 697 996 cum
718 936 983 996 tumidus
1004 940 1255 1013 Boreas,
1299 934 1579 1016 Scythica
1607 937 1728 993 iam
1749 937 1903 993 liber
1927 935 2001 992 ab
2028 935 2185 1007 aula,

557 1041 806 1119 perfurit
837 1042 901 1097 iu
932 1057 1206 1119 campos:
1249 1039 1420 1097 turbo
1450 1038 1614 1096 volat
1638 1034 1914 1096 horridus
1942 1048 2099 1114 ante,

387 1135 511 1204 450
553 1152 850 1200 contortus
882 1144 1099 1201 virtute
1126 1142 1297 1214 Noti3
1346 1159 1611 1220 gyroque
1643 1149 1878 1197 coactus

555 1243 726 1300 vertit
753 1263 1060 1319 arenosas,
1105 1243 1459 1301 conturbans
1493 1260 1783 1320 aequora,
1824 1249 2035 1300 terras.

635 1346 881 1426 Iamque
908 1356 1143 1405 secutus
1167 1354 1293 1404 erat
1315 1345 1491 1402 miles
1515 1343 1770 1422 fugitiva
1794 1362 1903 1421 per
1932 1362 2105 1421 agros
2191 1383 2198 1392 ·

551 1449 791 1525 agmina
819 1450 1007 1507 Marte
1038 1449 1272 1522 furens,
1312 1447 1765 1525 bellatricesque
1801 1454 2063 1503 catervas

554 1550 869 1627 spargebat
893 1548 1091 1630 tepido
1115 1546 1374 1608 fundens
1399 1567 1507 1627 per
1532 1547 1800 1625 gramina
1831 1546 2011 1605 ferro.

384 1647 512 1717 455
553 1648 800 1731 despicit
824 1654 954 1730 ipse
983 1662 1184 1708 tamen
1212 1648 1680 1729 dedignaturque
1709 1648 1977 1706 tribunus

553 1764 812 1813 sternere
838 1750 1019 1811 caede
1044 1754 1232 1826 viros,
1275 1752 1441 1808 vivos
1465 1747 1572 1807 sed
1596 1745 1887 1827 prendere
1915 1761 2144 1810 certans

551 1856 741 1914 veloci
772 1855 1055 1914 volitabat
1087 1872 1273 1933 equo,
1321 1851 1631 1931 pilumque
1658 1861 2003 1932 retorquens

551 1955 797 2035 grandia
823 1956 1117 2036 percussis
1144 1954 1397 2012 iactabat
1424 1972 1667 2032 corpora
1694 1956 1999 2015 membris.

549 2069 825 2140 quattuor
854 2059 1072 2116 electos
1102 2057 1335 2134 rapiens
1367 2074 1445 2113 ex
1470 2056 1709 2133 agmine
1733 2057 1972 2114 Mauros

378 2158 507 2227 460
547 2163 774 2236 vinxit,
811 2170 870 2218 et
896 2158 1197 2237 implicitis
1226 2158 1607 2236 praestrinxit
1633 2156 1872 2215 brachia
1901 2157 2095 2235 nodis,

548 2265 918 2341 servavitque
945 2262 1135 2334 viros,
1176 2278 1393 2336 magno
1421 2268 1646 2318 secreta
1675 2261 1956 2337 magistro

548 2368 652 2446 qui
678 2366 935 2422 referant
954 2362 1289 2441 linguisque
1318 2363 1441 2419 suis
1470 2350 1684 2419 arcana
1715 2363 2033 2421 resolvant.

547 2469 868 2527 Varinnum
897 2465 1127 2543 prensis
1156 2464 1349 2540 rapuit
1379 2464 1593 2521 virtute
1629 2465 1858 2542 capillis

543 2580 602 2628 et
628 2565 933 2648 suspendit
960 2584 1136 2646 equo.
1221 2566 1459 2623 tremuit
1486 2562 1815 2646 dextraque
1844 2563 2127 2645 pependit

379 2669 505 2736 465
544 2671 757 2728 infelix
782 2673 1115 2740 Nasamon3
1158 2685 1340 2745 quem
1365 2667 1634 2744 protinus
1660 2669 1763 2726 ille
1790 2671 2103 2726 remissum

544 2772 749 2829 stravit
770 2768 973 2846 humi,
1015 2769 1314 2848 veloxque
1341 2786 1518 2846 super
1541 2767 1669 2827 fera
1694 2780 1930 2848 pectora
1957 2769 2131 2846 sedit,

545 2868 908 2940 descendens
932 2873 1171 2931 levitate
1198 2889 1306 2928 sua
1323 2912 1341 2944 ,
1384 2873 1672 2950 tortisque
1699 2872 1935 2932 lacertis

545 2991 750 3052 aspera
779 2994 889 3053 per
917 2976 1184 3054 geminas
1214 2973 1564 3031 substrinxit
1594 2976 1833 3033 vincula
1863 2977 2116 3055 palmas.

545 3073 777 3133 ducitur
803 3074 943 3134 hinc
970 3078 1227 3151 vinctus,
1269 3075 1544 3133 manibus
1570 3086 1704 3154 post
1731 3087 1897 3156 terga
1921 3080 2215 3155 revinctis,

377 3176 502 3243 470
544 3197 679 3235 cum
705 3181 877 3237 sociis
900 3180 1194 3237 Varinnus
1226 3187 1397 3236 atrox
1412 3222 1430 3253 ,
1472 3178 1760 3260 vultuque
1790 3180 2037 3237 remisso

543 3277 798 3337 ductoris
834 3281 994 3338 stetit
1025 3291 1161 3338 ante
1187 3277 1391 3358 pedes.
1476 3290 1617 3337 tunc
1647 3281 1839 3338 omnis
1867 3281 1933 3337 in
1959 3283 2135 3344 illum

544 3383 713 3440 turba
738 3383 856 3439 coit
884 3401 1120 3441 currens
1142 3380 1338 3440 studio
1363 3384 1630 3439 Romana
1655 3381 1882 3457 tuendi,

544 3484 905 3564 Massylique
934 3481 1114 3541 duces
1140 3482 1338 3562 cupidi
1366 3482 1701 3542 condiscere
1739 3502 1964 3559 causas,

544 3595 604 3642 et
635 3605 785 3665 quae
814 3589 891 3644 sit
921 3586 1238 3644 manifesta
1265 3584 1433 3643 fides.
1517 3587 1818 3665 victorque
1844 3588 2063 3645 referre

376 3683 499 3751 475
541 3688 868 3746 Caecilides
890 3689 976 3746 sic
1001 3690 1196 3746 iussus
1221 3689 1323 3746 ait.
1401 3680 1541 3745 “tua
1566 3689 1834 3746 maxima
1858 3708 2099 3748 servans

540 3790 760 3867 optime
788 3792 947 3849 iussa
978 3787 1227 3863 ducum,
1272 3786 1503 3847 Christo
1533 3800 1838 3867 pugnante
1867 3792 2096 3850 cucurri

539 3910 645 3968 per
669 3891 899 3949 medios
926 3889 1157 3965 hostes,
1204 3902 1262 3949 et
1290 3902 1477 3950 castra
1505 3891 1713 3950 feralia
1744 3891 1891 3970 vidi,
1928 3965 1933 3969 ι

442 3979 453 3988 ’
543 4011 693 4071 quae
722 3993 906 4051 fixere
940 3994 1051 4050 viri
1079 3996 1283 4052 miseri
1308 3994 1696 4053 Vincensibus
1729 3998 1908 4054 arvis.

541 4094 839 4172 ingressus
864 4093 1158 4175 trepidam
1183 4097 1359 4155 bellis
1389 4078 1759 4175 cingentibus
1786 4097 1996 4156 urbem

2422 357 2556 432 141

364 4241 473 4295 447
507 4258 615 4294 cum
635 4242 794 4297 uoluit
818 4244 868 4299 T
1052 4245 1153 4302 451
1191 4261 1322 4317 equo
1348 4246 1398 4300 T
1583 4247 1686 4303 465
1719 4261 1969 4301 mamm
1992 4246 2042 4300 Τ
2218 4244 2319 4300 478
2350 4243 2540 4298 invicte

365 4310 573 4364 ensibus
600 4313 721 4372 ΊΜ.
