<?xml version="1.0" encoding="UTF-8"?>
<!DOCTYPE html PUBLIC "-//W3C//DTD XHTML 1.0 Transitional//EN"
    "http://www.w3.org/TR/xhtml1/DTD/xhtml1-transitional.dtd">
<html xmlns="http://www.w3.org/1999/xhtml" xml:lang="en" lang="en">
 <head>
  <title>
</title>
<meta http-equiv="Content-Type" content="text/html;charset=utf-8" />
  <meta name='ocr-system' content='tesseract 3.04.00' />
  <meta name='ocr-capabilities' content='ocr_page ocr_carea ocr_par ocr_line ocrx_word'/>
</head>
<body>
  <div class='ocr_page' id='page_1' title='image "./carminumpanegyr00niebgoog_0404.png"; bbox 0 0 3210 5200; ppageno 0'>
   <div class='ocr_carea' id='block_1_1' title="bbox 574 342 2093 472">
    <p class='ocr_par' dir='ltr' id='par_1_1' title="bbox 574 342 2093 472">
     <span class='ocr_line' id='line_1_1' title="bbox 574 342 2093 472; baseline -0.014 0"><span class='ocrx_word' id='word_1_1' title='bbox 574 401 720 472; x_wconf 80' lang='lat'><strong>320</strong></span> <span class='ocrx_word' id='word_1_2' title='bbox 1223 342 1503 461; x_wconf 59' lang='lat' dir='ltr'><strong>nome</strong></span> <span class='ocrx_word' id='word_1_3' title='bbox 1548 389 1641 456; x_wconf 78' lang='lat' dir='ltr'><strong>m</strong></span> <span class='ocrx_word' id='word_1_4' title='bbox 1689 386 2015 454; x_wconf 75' lang='lat' dir='ltr'><strong>mem</strong></span> <span class='ocrx_word' id='word_1_5' title='bbox 2060 385 2093 451; x_wconf 91' lang='lat'>1</span> 
     </span>
    </p>
   </div>
   <div class='ocr_carea' id='block_1_2' title="bbox 571 548 2750 1247">
    <p class='ocr_par' dir='ltr' id='par_1_2' title="bbox 571 548 2749 882">
     <span class='ocr_line' id='line_1_2' title="bbox 571 548 2748 638; baseline -0.012 -12"><span class='ocrx_word' id='word_1_6' title='bbox 571 586 710 626; x_wconf 86' lang='lat' dir='ltr'><strong>eum</strong></span> <span class='ocrx_word' id='word_1_7' title='bbox 754 565 867 625; x_wconf 80' lang='lat' dir='ltr'><strong>sibi</strong></span> <span class='ocrx_word' id='word_1_8' title='bbox 912 564 993 620; x_wconf 79' lang='lat' dir='ltr'><strong>in</strong></span> <span class='ocrx_word' id='word_1_9' title='bbox 1013 559 1265 638; x_wconf 81' lang='lat' dir='ltr'><strong>imperio</strong></span> <span class='ocrx_word' id='word_1_10' title='bbox 1311 574 1711 616; x_wconf 74' lang='lat' dir='ltr'>successorem</span> <span class='ocrx_word' id='word_1_11' title='bbox 1738 554 2023 631; x_wconf 78' lang='lat' dir='ltr'><strong>elegerat.</strong></span> <span class='ocrx_word' id='word_1_12' title='bbox 2106 548 2503 609; x_wconf 69' lang='lat' dir='ltr'><strong>secundarum</strong></span> <span class='ocrx_word' id='word_1_13' title='bbox 2532 563 2602 601; x_wconf 81' lang='lat' dir='ltr'><strong>ac</strong></span> <span class='ocrx_word' id='word_1_14' title='bbox 2630 554 2748 600; x_wconf 82' lang='lat' dir='ltr'><strong>ter-</strong></span> 
     </span>
     <span class='ocr_line' id='line_1_3' title="bbox 571 630 2749 717; baseline -0.011 -8"><span class='ocrx_word' id='word_1_15' title='bbox 571 657 792 709; x_wconf 81' lang='lat' dir='ltr'><strong>tiamm</strong></span> <span class='ocrx_word' id='word_1_16' title='bbox 851 647 1197 705; x_wconf 83' lang='lat' dir='ltr'><strong>dicebantur</strong></span> <span class='ocrx_word' id='word_1_17' title='bbox 1260 652 1485 700; x_wconf 86' lang='lat' dir='ltr'><strong>actores</strong></span> <span class='ocrx_word' id='word_1_18' title='bbox 1541 641 1667 713; x_wconf 88' lang='lat' dir='ltr'><strong>illi,</strong></span> <span class='ocrx_word' id='word_1_19' title='bbox 1738 640 1844 717; x_wconf 88' lang='lat' dir='ltr'><strong>qui</strong></span> <span class='ocrx_word' id='word_1_20' title='bbox 1898 634 2227 694; x_wconf 83' lang='lat' dir='ltr'><strong>secundum</strong></span> <span class='ocrx_word' id='word_1_21' title='bbox 2278 635 2637 708; x_wconf 85' lang='lat' dir='ltr'><strong>tertiumque</strong></span> <span class='ocrx_word' id='word_1_22' title='bbox 2683 630 2749 684; x_wconf 86' lang='lat' dir='ltr'><strong>in</strong></span> 
     </span>
     <span class='ocr_line' id='line_1_4' title="bbox 571 712 2746 815; baseline -0.012 -21"><span class='ocrx_word' id='word_1_23' title='bbox 571 733 803 815; x_wconf 81' lang='lat' dir='ltr'><strong>agendo</strong></span> <span class='ocrx_word' id='word_1_24' title='bbox 829 733 1033 789; x_wconf 89' lang='lat' dir='ltr'><strong>locum</strong></span> <span class='ocrx_word' id='word_1_25' title='bbox 1058 727 1424 786; x_wconf 82' lang='lat' dir='ltr'><strong>obtinebant.</strong></span> <span class='ocrx_word' id='word_1_26' title='bbox 1509 722 1646 785; x_wconf 84' lang='lat' dir='ltr'><strong>vide</strong></span> <span class='ocrx_word' id='word_1_27' title='bbox 1673 724 1943 781; x_wconf 86' lang='lat' dir='ltr'><strong>Plinium</strong></span> <span class='ocrx_word' id='word_1_28' title='bbox 1965 727 2005 786; x_wconf 87' lang='grc'><strong>7</strong></span> <span class='ocrx_word' id='word_1_29' title='bbox 2053 722 2133 783; x_wconf 80' lang='grc'><strong>12</strong></span> <span class='ocrx_word' id='word_1_30' title='bbox 2174 720 2282 777; x_wconf 83' lang='lat' dir='ltr'><strong>seu&#39;</strong></span> <span class='ocrx_word' id='word_1_31' title='bbox 2316 714 2353 797; x_wconf 82' lang='lat'>§</span> <span class='ocrx_word' id='word_1_32' title='bbox 2380 720 2490 789; x_wconf 87' lang='lat'><strong>10,</strong></span> <span class='ocrx_word' id='word_1_33' title='bbox 2533 724 2593 770; x_wconf 94' lang='lat' dir='ltr'><strong>et</strong></span> <span class='ocrx_word' id='word_1_34' title='bbox 2614 712 2746 774; x_wconf 89' lang='lat' dir='ltr'><strong>Val.</strong></span> 
     </span>
     <span class='ocr_line' id='line_1_5' title="bbox 571 814 1237 882; baseline -0.012 -4"><span class='ocrx_word' id='word_1_35' title='bbox 571 824 738 878; x_wconf 75' lang='lat' dir='ltr'><strong>Max.</strong></span> <span class='ocrx_word' id='word_1_36' title='bbox 767 823 807 882; x_wconf 83' lang='lat'><strong>9</strong></span> <span class='ocrx_word' id='word_1_37' title='bbox 855 814 956 877; x_wconf 80' lang='lat'><strong>14.</strong></span> <span class='ocrx_word' id='word_1_38' title='bbox 1039 814 1237 872; x_wconf 79' lang='lat' dir='ltr'><strong>Foco.</strong></span> 
     </span>
    </p>

    <p class='ocr_par' dir='ltr' id='par_1_3' title="bbox 575 898 2750 1247">
     <span class='ocr_line' id='line_1_6' title="bbox 744 898 2747 990; baseline -0.013 -9"><span class='ocrx_word' id='word_1_39' title='bbox 744 916 844 983; x_wconf 83' lang='lat'><strong>48.</strong></span> <span class='ocrx_word' id='word_1_40' title='bbox 911 916 1197 990; x_wconf 68' lang='lat' dir='ltr'><strong>firmavit</strong></span> <span class='ocrx_word' id='word_1_41' title='bbox 1218 910 1588 989; x_wconf 71' lang='lat' dir='ltr'><strong>avunculus]</strong></span> <span class='ocrx_word' id='word_1_42' title='bbox 1636 910 1720 968; x_wconf 88' lang='lat' dir='ltr'><strong>sic</strong></span> <span class='ocrx_word' id='word_1_43' title='bbox 1744 907 1900 966; x_wconf 87' lang='lat' dir='ltr'><strong>iufra</strong></span> <span class='ocrx_word' id='word_1_44' title='bbox 1924 925 1986 964; x_wconf 85' lang='lat' dir='ltr'><strong>v.</strong></span> <span class='ocrx_word' id='word_1_45' title='bbox 2019 902 2136 968; x_wconf 84' lang='lat'><strong>146</strong></span> <span class='ocrx_word' id='word_1_46' title='bbox 2160 914 2219 962; x_wconf 83' lang='lat' dir='ltr'><strong>et</strong></span> <span class='ocrx_word' id='word_1_47' title='bbox 2245 906 2384 969; x_wconf 86' lang='lat'><strong>179.</strong></span> <span class='ocrx_word' id='word_1_48' title='bbox 2470 898 2747 959; x_wconf 85' lang='lat' dir='ltr'><strong>Iustinia-</strong></span> 
     </span>
     <span class='ocr_line' id='line_1_7' title="bbox 575 988 2747 1080; baseline -0.011 -16"><span class='ocrx_word' id='word_1_49' title='bbox 575 1024 690 1064; x_wconf 84' lang='lat' dir='ltr'><strong>nus</strong></span> <span class='ocrx_word' id='word_1_50' title='bbox 731 1003 967 1080; x_wconf 86' lang='lat' dir='ltr'><strong>imperii</strong></span> <span class='ocrx_word' id='word_1_51' title='bbox 1009 1016 1407 1059; x_wconf 81' lang='lat' dir='ltr'><strong>successorem</strong></span> <span class='ocrx_word' id='word_1_52' title='bbox 1445 996 1558 1053; x_wconf 86' lang='lat' dir='ltr'><strong>sibi</strong></span> <span class='ocrx_word' id='word_1_53' title='bbox 1609 991 1947 1071; x_wconf 80' lang='lat' dir='ltr'><strong>designarat</strong></span> <span class='ocrx_word' id='word_1_54' title='bbox 1996 991 2316 1062; x_wconf 81' lang='lat' dir='ltr'><strong>Iustinum,</strong></span> <span class='ocrx_word' id='word_1_55' title='bbox 2363 988 2577 1046; x_wconf 78' lang='lat' dir='ltr'><strong>sororis</strong></span> <span class='ocrx_word' id='word_1_56' title='bbox 2607 1002 2747 1041; x_wconf 83' lang='lat' dir='ltr'><strong>suae</strong></span> 
     </span>
     <span class='ocr_line' id='line_1_8' title="bbox 576 1072 2750 1167; baseline -0.011 -18"><span class='ocrx_word' id='word_1_57' title='bbox 576 1088 929 1167; x_wconf 79' lang='lat' dir='ltr'><strong>vigilantiae</strong></span> <span class='ocrx_word' id='word_1_58' title='bbox 969 1094 1029 1142; x_wconf 89' lang='lat' dir='ltr'><strong>et</strong></span> <span class='ocrx_word' id='word_1_59' title='bbox 1055 1083 1398 1142; x_wconf 79' lang='lat' dir='ltr'><strong>Dulcissimi</strong></span> <span class='ocrx_word' id='word_1_60' title='bbox 1427 1080 1618 1136; x_wconf 86' lang='lat' dir='ltr'><strong>filium</strong></span> <span class='ocrx_word' id='word_1_61' title='bbox 1635 1122 1651 1152; x_wconf 93' lang='lat'>,</span> <span class='ocrx_word' id='word_1_62' title='bbox 1695 1097 1875 1158; x_wconf 89' lang='lat' dir='ltr'><strong>quem</strong></span> <span class='ocrx_word' id='word_1_63' title='bbox 1905 1072 2287 1152; x_wconf 81' lang='lat' dir='ltr'><strong>adoptaverat</strong></span> <span class='ocrx_word' id='word_1_64' title='bbox 2315 1074 2429 1131; x_wconf 84' lang='lat' dir='ltr'><strong>sibi</strong></span> <span class='ocrx_word' id='word_1_65' title='bbox 2457 1073 2522 1128; x_wconf 92' lang='lat' dir='ltr'><strong>in</strong></span> <span class='ocrx_word' id='word_1_66' title='bbox 2550 1072 2750 1127; x_wconf 91' lang='lat' dir='ltr'><strong>locum</strong></span> 
     </span>
     <span class='ocr_line' id='line_1_9' title="bbox 579 1159 2516 1247; baseline -0.009 -16"><span class='ocrx_word' id='word_1_67' title='bbox 579 1175 718 1247; x_wconf 82' lang='lat' dir='ltr'><strong>filii,</strong></span> <span class='ocrx_word' id='word_1_68' title='bbox 767 1172 919 1230; x_wconf 88' lang='lat' dir='ltr'><strong>sicut</strong></span> <span class='ocrx_word' id='word_1_69' title='bbox 943 1169 1072 1247; x_wconf 84' lang='lat' dir='ltr'><strong>ipse</strong></span> <span class='ocrx_word' id='word_1_70' title='bbox 1104 1176 1277 1227; x_wconf 89' lang='lat' dir='ltr'><strong>antea</strong></span> <span class='ocrx_word' id='word_1_71' title='bbox 1308 1186 1344 1224; x_wconf 90' lang='lat' dir='ltr'><strong>a</strong></span> <span class='ocrx_word' id='word_1_72' title='bbox 1376 1167 1599 1223; x_wconf 88' lang='lat' dir='ltr'><strong>Iustino</strong></span> <span class='ocrx_word' id='word_1_73' title='bbox 1639 1166 1667 1225; x_wconf 88' lang='lat'>1</span> <span class='ocrx_word' id='word_1_74' title='bbox 1698 1160 2008 1240; x_wconf 84' lang='lat' dir='ltr'><strong>adoptatus</strong></span> <span class='ocrx_word' id='word_1_75' title='bbox 2032 1159 2246 1217; x_wconf 83' lang='lat' dir='ltr'><strong>fuerat.</strong></span> <span class='ocrx_word' id='word_1_76' title='bbox 2327 1160 2516 1215; x_wconf 69' lang='lat' dir='ltr'><strong>Rrrr.</strong></span> 
     </span>
    </p>
   </div>
   <div class='ocr_carea' id='block_1_3' title="bbox 581 1254 2768 4168">
    <p class='ocr_par' dir='ltr' id='par_1_4' title="bbox 581 1254 2759 2279">
     <span class='ocr_line' id='line_1_10' title="bbox 746 1254 2750 1348; baseline -0.008 -18"><span class='ocrx_word' id='word_1_77' title='bbox 746 1269 850 1335; x_wconf 81' lang='lat'><strong>49.</strong></span> <span class='ocrx_word' id='word_1_78' title='bbox 937 1268 1247 1348; x_wconf 67' lang='lat' dir='ltr'><strong>lacrimas]</strong></span> <span class='ocrx_word' id='word_1_79' title='bbox 1305 1267 1368 1324; x_wconf 92' lang='lat' dir='ltr'><strong>in</strong></span> <span class='ocrx_word' id='word_1_80' title='bbox 1424 1269 1683 1323; x_wconf 84' lang='lat' dir='ltr'><strong>Homero</strong></span> <span class='ocrx_word' id='word_1_81' title='bbox 1739 1263 2091 1340; x_wconf 78' lang='lat' dir='ltr'><strong>vituperavit</strong></span> <span class='ocrx_word' id='word_1_82' title='bbox 2123 1261 2292 1319; x_wconf 89' lang='lat' dir='ltr'><strong>Plato</strong></span> <span class='ocrx_word' id='word_1_83' title='bbox 2332 1256 2495 1339; x_wconf 86' lang='lat' dir='ltr'><strong>quod</strong></span> <span class='ocrx_word' id='word_1_84' title='bbox 2538 1254 2750 1314; x_wconf 64' lang='lat' dir='ltr'><strong>heroes</strong></span> 
     </span>
     <span class='ocr_line' id='line_1_11' title="bbox 583 1342 2753 1436; baseline -0.012 -14"><span class='ocrx_word' id='word_1_85' title='bbox 583 1363 787 1422; x_wconf 79' lang='lat' dir='ltr'><strong>flentes</strong></span> <span class='ocrx_word' id='word_1_86' title='bbox 831 1353 1150 1436; x_wconf 84' lang='lat' dir='ltr'><strong>aliquando</strong></span> <span class='ocrx_word' id='word_1_87' title='bbox 1195 1350 1464 1411; x_wconf 85' lang='lat' dir='ltr'><strong>inducat:</strong></span> <span class='ocrx_word' id='word_1_88' title='bbox 1506 1352 1612 1407; x_wconf 78' lang='lat' dir='ltr'><strong>ille</strong></span> <span class='ocrx_word' id='word_1_89' title='bbox 1655 1350 1816 1406; x_wconf 90' lang='lat' dir='ltr'><strong>enim</strong></span> <span class='ocrx_word' id='word_1_90' title='bbox 1847 1344 2059 1405; x_wconf 89' lang='lat' dir='ltr'><strong>ducem</strong></span> <span class='ocrx_word' id='word_1_91' title='bbox 2084 1348 2528 1424; x_wconf 86' lang='lat' dir='ltr'><strong>principemque</strong></span> <span class='ocrx_word' id='word_1_92' title='bbox 2559 1342 2753 1417; x_wconf 79' lang='lat' dir='ltr'><strong>exigit</strong></span> 
     </span>
     <span class='ocr_line' id='line_1_12' title="bbox 581 1424 2749 1527; baseline -0.012 -21"><span class='ocrx_word' id='word_1_93' title='bbox 581 1448 687 1527; x_wconf 89' lang='lat' dir='ltr'><strong>qui</strong></span> <span class='ocrx_word' id='word_1_94' title='bbox 729 1446 806 1502; x_wconf 81' lang='lat' dir='ltr'><strong>sit</strong></span> <span class='ocrx_word' id='word_1_95' title='bbox 846 1435 1127 1515; x_wconf 67' lang='grc' dir='ltr'><strong>ἀπαθής,</strong></span> <span class='ocrx_word' id='word_1_96' title='bbox 1186 1440 1312 1496; x_wconf 77' lang='lat' dir='ltr'><strong>sine</strong></span> <span class='ocrx_word' id='word_1_97' title='bbox 1351 1434 1677 1516; x_wconf 68' lang='lat' dir='ltr'><strong>affectuum</strong></span> <span class='ocrx_word' id='word_1_98' title='bbox 1720 1431 2000 1503; x_wconf 70' lang='lat' dir='ltr'><strong>stimulis5</strong></span> <span class='ocrx_word' id='word_1_99' title='bbox 2042 1427 2203 1510; x_wconf 88' lang='lat' dir='ltr'><strong>quod</strong></span> <span class='ocrx_word' id='word_1_100' title='bbox 2239 1430 2533 1507; x_wconf 74' lang='lat' dir='ltr'><strong>placuisse</strong></span> <span class='ocrx_word' id='word_1_101' title='bbox 2571 1424 2749 1482; x_wconf 90' lang='lat' dir='ltr'><strong>video</strong></span> 
     </span>
     <span class='ocr_line' id='line_1_13' title="bbox 581 1509 2751 1605; baseline -0.011 -16"><span class='ocrx_word' id='word_1_102' title='bbox 581 1531 794 1601; x_wconf 86' lang='lat' dir='ltr'><strong>Stoicis</strong></span> <span class='ocrx_word' id='word_1_103' title='bbox 824 1523 983 1605; x_wconf 88' lang='lat' dir='ltr'><strong>apud</strong></span> <span class='ocrx_word' id='word_1_104' title='bbox 1017 1526 1307 1583; x_wconf 86' lang='lat' dir='ltr'><strong>Senecam</strong></span> <span class='ocrx_word' id='word_1_105' title='bbox 1337 1540 1534 1599; x_wconf 85' lang='lat' dir='ltr'><strong>saepe.</strong></span> <span class='ocrx_word' id='word_1_106' title='bbox 1620 1529 1680 1577; x_wconf 89' lang='lat' dir='ltr'><strong>at</strong></span> <span class='ocrx_word' id='word_1_107' title='bbox 1706 1514 1979 1596; x_wconf 86' lang='lat' dir='ltr'><strong>longe·id</strong></span> <span class='ocrx_word' id='word_1_108' title='bbox 2007 1515 2078 1572; x_wconf 88' lang='lat' dir='ltr'><strong>ab</strong></span> <span class='ocrx_word' id='word_1_109' title='bbox 2104 1512 2487 1571; x_wconf 81' lang='lat' dir='ltr'><strong>humanitatis</strong></span> <span class='ocrx_word' id='word_1_110' title='bbox 2514 1509 2751 1587; x_wconf 82' lang='lat' dir='ltr'><strong>legibus</strong></span> 
     </span>
     <span class='ocr_line' id='line_1_14' title="bbox 585 1598 2757 1676; baseline -0.012 -2"><span class='ocrx_word' id='word_1_111' title='bbox 585 1623 910 1673; x_wconf 85' lang='lat' dir='ltr'><strong>remotum:</strong></span> <span class='ocrx_word' id='word_1_112' title='bbox 962 1629 1105 1667; x_wconf 88' lang='lat' dir='ltr'><strong>nam</strong></span> <span class='ocrx_word' id='word_1_113' title='bbox 1146 1618 1211 1665; x_wconf 90' lang='lat' dir='ltr'><strong>ut</strong></span> <span class='ocrx_word' id='word_1_114' title='bbox 1253 1607 1358 1666; x_wconf 90' lang='lat' dir='ltr'><strong>lib.</strong></span> <span class='ocrx_word' id='word_1_115' title='bbox 1392 1606 1428 1665; x_wconf 86' lang='lat'>1</span> <span class='ocrx_word' id='word_1_116' title='bbox 1466 1608 1619 1663; x_wconf 85' lang='lat' dir='ltr'><strong>Aen.</strong></span> <span class='ocrx_word' id='word_1_117' title='bbox 1660 1605 1859 1676; x_wconf 85' lang='lat' dir='ltr'><strong>Maro,</strong></span> <span class='ocrx_word' id='word_1_118' title='bbox 1912 1610 2055 1660; x_wconf 76' lang='lat' dir='ltr'><strong>sunt</strong></span> <span class='ocrx_word' id='word_1_119' title='bbox 2098 1598 2380 1655; x_wconf 83' lang='lat' dir='ltr'><strong>lacrimae</strong></span> <span class='ocrx_word' id='word_1_120' title='bbox 2420 1616 2646 1664; x_wconf 83' lang='lat' dir='ltr'><strong>rerum,</strong></span> <span class='ocrx_word' id='word_1_121' title='bbox 2700 1602 2757 1648; x_wconf 89' lang='lat' dir='ltr'><strong>et</strong></span> 
     </span>
     <span class='ocr_line' id='line_1_15' title="bbox 585 1678 2759 1768; baseline -0.011 -10"><span class='ocrx_word' id='word_1_122' title='bbox 585 1708 833 1757; x_wconf 81' lang='lat' dir='ltr'><strong>mentem</strong></span> <span class='ocrx_word' id='word_1_123' title='bbox 878 1693 1159 1752; x_wconf 80' lang='lat' dir='ltr'><strong>mortalia</strong></span> <span class='ocrx_word' id='word_1_124' title='bbox 1200 1700 1476 1768; x_wconf 75' lang='lat' dir='ltr'><strong>tangunt.</strong></span> <span class='ocrx_word' id='word_1_125' title='bbox 1566 1685 1911 1746; x_wconf 87' lang='lat' dir='ltr'><strong>Alexander</strong></span> <span class='ocrx_word' id='word_1_126' title='bbox 1957 1686 2099 1743; x_wconf 83' lang='lat' dir='ltr'><strong>visis</strong></span> <span class='ocrx_word' id='word_1_127' title='bbox 2143 1692 2418 1763; x_wconf 89' lang='lat' dir='ltr'><strong>quattuor</strong></span> <span class='ocrx_word' id='word_1_128' title='bbox 2463 1678 2759 1737; x_wconf 76' lang='lat' dir='ltr'><strong>militibus</strong></span> 
     </span>
     <span class='ocr_line' id='line_1_16' title="bbox 585 1767 2756 1847; baseline -0.01 -5"><span class='ocrx_word' id='word_1_129' title='bbox 585 1786 942 1841; x_wconf 85' lang='lat' dir='ltr'><strong>Graecorum</strong></span> <span class='ocrx_word' id='word_1_130' title='bbox 970 1775 1144 1834; x_wconf 82' lang='lat' dir='ltr'><strong>foede</strong></span> <span class='ocrx_word' id='word_1_131' title='bbox 1167 1774 1455 1831; x_wconf 83' lang='lat' dir='ltr'><strong>mutilatis</strong></span> <span class='ocrx_word' id='word_1_132' title='bbox 1480 1772 1673 1845; x_wconf 81' lang='lat' dir='ltr'><strong>flevit,</strong></span> <span class='ocrx_word' id='word_1_133' title='bbox 1718 1770 1881 1828; x_wconf 81' lang='lat' dir='ltr'><strong>Curt.</strong></span> <span class='ocrx_word' id='word_1_134' title='bbox 1910 1769 1950 1834; x_wconf 81' lang='lat'><em>5</em></span> <span class='ocrx_word' id='word_1_135' title='bbox 1967 1813 1983 1843; x_wconf 93' lang='lat'>,</span> <span class='ocrx_word' id='word_1_136' title='bbox 2030 1780 2087 1827; x_wconf 92' lang='lat' dir='ltr'><strong>et</strong></span> <span class='ocrx_word' id='word_1_137' title='bbox 2109 1767 2469 1847; x_wconf 85' lang='lat' dir='ltr'><strong>poenitentia</strong></span> <span class='ocrx_word' id='word_1_138' title='bbox 2495 1782 2756 1836; x_wconf 81' lang='lat' dir='ltr'><strong>suorum,</strong></span> 
     </span>
     <span class='ocr_line' id='line_1_17' title="bbox 588 1851 2758 1939; baseline -0.008 -17"><span class='ocrx_word' id='word_1_139' title='bbox 588 1869 704 1939; x_wconf 86' lang='lat'><strong>10,</strong></span> <span class='ocrx_word' id='word_1_140' title='bbox 749 1874 806 1921; x_wconf 91' lang='lat' dir='ltr'><strong>et</strong></span> <span class='ocrx_word' id='word_1_141' title='bbox 855 1864 920 1919; x_wconf 87' lang='lat' dir='ltr'><strong>in</strong></span> <span class='ocrx_word' id='word_1_142' title='bbox 964 1859 1172 1917; x_wconf 87' lang='lat' dir='ltr'><strong>funere</strong></span> <span class='ocrx_word' id='word_1_143' title='bbox 1214 1858 1401 1936; x_wconf 69' lang='lat' dir='ltr'><strong>clyti,</strong></span> <span class='ocrx_word' id='word_1_144' title='bbox 1443 1859 1517 1928; x_wconf 88' lang='lat'><strong>8,</strong></span> <span class='ocrx_word' id='word_1_145' title='bbox 1562 1864 1622 1911; x_wconf 89' lang='lat' dir='ltr'><strong>et</strong></span> <span class='ocrx_word' id='word_1_146' title='bbox 1660 1855 1847 1913; x_wconf 86' lang='lat' dir='ltr'><strong>lulius</strong></span> <span class='ocrx_word' id='word_1_147' title='bbox 1891 1852 2138 1927; x_wconf 80' lang='lat' dir='ltr'><strong>Caesar,</strong></span> <span class='ocrx_word' id='word_1_148' title='bbox 2183 1853 2428 1910; x_wconf 88' lang='lat' dir='ltr'><strong>Sueton.</strong></span> <span class='ocrx_word' id='word_1_149' title='bbox 2460 1869 2511 1907; x_wconf 90' lang='lat' dir='ltr'><strong>c.</strong></span> <span class='ocrx_word' id='word_1_150' title='bbox 2544 1851 2654 1920; x_wconf 82' lang='grc'><strong>33,</strong></span> <span class='ocrx_word' id='word_1_151' title='bbox 2698 1857 2758 1905; x_wconf 91' lang='lat' dir='ltr'><strong>et</strong></span> 
     </span>
     <span class='ocr_line' id='line_1_18' title="bbox 582 1934 2759 2021; baseline -0.008 -15"><span class='ocrx_word' id='word_1_152' title='bbox 582 1952 758 2007; x_wconf 86' lang='lat' dir='ltr'><strong>Titus</strong></span> <span class='ocrx_word' id='word_1_153' title='bbox 799 1948 1137 2021; x_wconf 83' lang='lat' dir='ltr'><strong>Augustus,</strong></span> <span class='ocrx_word' id='word_1_154' title='bbox 1196 1941 1442 1998; x_wconf 81' lang='lat' dir='ltr'><strong>Paullus</strong></span> <span class='ocrx_word' id='word_1_155' title='bbox 1481 1940 1729 1996; x_wconf 90' lang='lat' dir='ltr'><strong>Diacon.</strong></span> <span class='ocrx_word' id='word_1_156' title='bbox 1777 1941 1851 2013; x_wconf 83' lang='lat'><strong>9,</strong></span> <span class='ocrx_word' id='word_1_157' title='bbox 1896 1946 1955 1993; x_wconf 85' lang='lat' dir='ltr'><strong>et</strong></span> <span class='ocrx_word' id='word_1_158' title='bbox 1998 1939 2251 1998; x_wconf 83' lang='lat' dir='ltr'><strong>Aeneas.</strong></span> <span class='ocrx_word' id='word_1_159' title='bbox 2335 1935 2545 2013; x_wconf 83' lang='lat' dir='ltr'><strong>virgil.</strong></span> <span class='ocrx_word' id='word_1_160' title='bbox 2577 1934 2653 1996; x_wconf 85' lang='lat'><strong>5:</strong></span> <span class='ocrx_word' id='word_1_161' title='bbox 2703 1942 2759 1989; x_wconf 89' lang='lat' dir='ltr'><strong>et</strong></span> 
     </span>
     <span class='ocr_line' id='line_1_19' title="bbox 585 2019 2753 2108; baseline -0.008 -17"><span class='ocrx_word' id='word_1_162' title='bbox 585 2031 1019 2108; x_wconf 65' lang='lat' dir='ltr'><strong>consanguineo</strong></span> <span class='ocrx_word' id='word_1_163' title='bbox 1062 2028 1385 2084; x_wconf 67' lang='lat' dir='ltr'><strong>lacrimans</strong></span> <span class='ocrx_word' id='word_1_164' title='bbox 1421 2022 1792 2081; x_wconf 78' lang='lat' dir='ltr'><strong>commendat</strong></span> <span class='ocrx_word' id='word_1_165' title='bbox 1819 2020 2097 2079; x_wconf 72' lang='lat' dir='ltr'><strong>Acestae.</strong></span> <span class='ocrx_word' id='word_1_166' title='bbox 2189 2029 2250 2078; x_wconf 87' lang='lat' dir='ltr'><strong>et</strong></span> <span class='ocrx_word' id='word_1_167' title='bbox 2281 2020 2468 2078; x_wconf 82' lang='lat' dir='ltr'><strong>Iulius</strong></span> <span class='ocrx_word' id='word_1_168' title='bbox 2501 2021 2647 2076; x_wconf 88' lang='lat' dir='ltr'><strong>Aen.</strong></span> <span class='ocrx_word' id='word_1_169' title='bbox 2680 2019 2753 2078; x_wconf 88' lang='lat'><strong>9:</strong></span> 
     </span>
     <span class='ocr_line' id='line_1_20' title="bbox 585 2101 2756 2179; baseline -0.008 -4"><span class='ocrx_word' id='word_1_170' title='bbox 585 2119 671 2175; x_wconf 77' lang='lat' dir='ltr'><strong>sic</strong></span> <span class='ocrx_word' id='word_1_171' title='bbox 704 2118 794 2172; x_wconf 79' lang='lat' dir='ltr'><strong>ait</strong></span> <span class='ocrx_word' id='word_1_172' title='bbox 821 2112 1212 2170; x_wconf 70' lang='lat' dir='ltr'><strong>illacrimans.</strong></span> <span class='ocrx_word' id='word_1_173' title='bbox 1302 2107 1662 2166; x_wconf 78' lang='lat' dir='ltr'><strong>Claudianus</strong></span> <span class='ocrx_word' id='word_1_174' title='bbox 1695 2110 1760 2165; x_wconf 88' lang='lat' dir='ltr'><strong>in</strong></span> <span class='ocrx_word' id='word_1_175' title='bbox 1785 2107 2007 2164; x_wconf 80' lang='lat' dir='ltr'><strong>Ruffin.</strong></span> <span class='ocrx_word' id='word_1_176' title='bbox 2035 2110 2108 2179; x_wconf 82' lang='lat'><strong>2,</strong></span> <span class='ocrx_word' id='word_1_177' title='bbox 2153 2105 2258 2163; x_wconf 83' lang='lat' dir='ltr'><strong>ubi</strong></span> <span class='ocrx_word' id='word_1_178' title='bbox 2289 2106 2449 2162; x_wconf 86' lang='lat' dir='ltr'><strong>varie</strong></span> <span class='ocrx_word' id='word_1_179' title='bbox 2481 2101 2756 2161; x_wconf 85' lang='lat' dir='ltr'><strong>discernit</strong></span> 
     </span>
     <span class='ocr_line' id='line_1_21' title="bbox 588 2190 2669 2279; baseline -0.008 -18"><span class='ocrx_word' id='word_1_180' title='bbox 588 2220 765 2279; x_wconf 88' lang='lat' dir='ltr'><strong>super</strong></span> <span class='ocrx_word' id='word_1_181' title='bbox 792 2197 904 2255; x_wconf 89' lang='lat' dir='ltr'><strong>hac</strong></span> <span class='ocrx_word' id='word_1_182' title='bbox 934 2216 1030 2271; x_wconf 80' lang='lat' dir='ltr'><strong>re3</strong></span> <span class='ocrx_word' id='word_1_183' title='bbox 1069 2193 1396 2274; x_wconf 67' lang='lat' dir='ltr'><strong>galeasque</strong></span> <span class='ocrx_word' id='word_1_184' title='bbox 1422 2191 1630 2251; x_wconf 68' lang='lat' dir='ltr'><strong>solutis</strong></span> <span class='ocrx_word' id='word_1_185' title='bbox 1658 2192 2001 2261; x_wconf 71' lang='lat' dir='ltr'><strong>humectant</strong></span> <span class='ocrx_word' id='word_1_186' title='bbox 2023 2190 2306 2247; x_wconf 72' lang='lat' dir='ltr'><strong>lacrimis.</strong></span> <span class='ocrx_word' id='word_1_187' title='bbox 2395 2190 2669 2246; x_wconf 73' lang='lat' dir='ltr'><strong>Dsmsr.</strong></span> 
     </span>
    </p>

    <p class='ocr_par' dir='ltr' id='par_1_5' title="bbox 589 2284 2756 2444">
     <span class='ocr_line' id='line_1_22' title="bbox 757 2284 2756 2373; baseline -0.008 -13"><span class='ocrx_word' id='word_1_188' title='bbox 757 2300 859 2363; x_wconf 88' lang='lat'><strong>50.</strong></span> <span class='ocrx_word' id='word_1_189' title='bbox 945 2298 1093 2355; x_wconf 73' lang='grc' dir='ltr'><strong>νίνίι</strong></span> <span class='ocrx_word' id='word_1_190' title='bbox 1121 2305 1301 2373; x_wconf 82' lang='lat' dir='ltr'><strong>pater</strong></span> <span class='ocrx_word' id='word_1_191' title='bbox 1336 2294 1567 2352; x_wconf 77' lang='lat' dir='ltr'><strong>aethere</strong></span> <span class='ocrx_word' id='word_1_192' title='bbox 1565 2336 1592 2366; x_wconf 85' lang='lat'><em>,</em></span> <span class='ocrx_word' id='word_1_193' title='bbox 1639 2294 1811 2364; x_wconf 75' lang='lat' dir='ltr'><strong>vivit,</strong></span> <span class='ocrx_word' id='word_1_194' title='bbox 1854 2302 1911 2349; x_wconf 86' lang='lat' dir='ltr'><strong>et</strong></span> <span class='ocrx_word' id='word_1_195' title='bbox 1938 2290 2216 2370; x_wconf 68' lang='grc' dir='ltr'><strong>[ναίων]</strong></span> <span class='ocrx_word' id='word_1_196' title='bbox 2271 2292 2357 2349; x_wconf 88' lang='lat' dir='ltr'><strong>sic</strong></span> <span class='ocrx_word' id='word_1_197' title='bbox 2391 2284 2756 2349; x_wconf 56' lang='lat' dir='ltr'><strong>‘restituenda</strong></span> 
     </span>
     <span class='ocr_line' id='line_1_23' title="bbox 589 2381 1320 2444; baseline -0.01 0"><span class='ocrx_word' id='word_1_198' title='bbox 589 2388 705 2444; x_wconf 85' lang='lat' dir='ltr'><strong>fuit</strong></span> <span class='ocrx_word' id='word_1_199' title='bbox 737 2381 1049 2442; x_wconf 83' lang='lat' dir='ltr'><strong>distinctio.</strong></span> <span class='ocrx_word' id='word_1_200' title='bbox 1133 2382 1320 2438; x_wconf 67' lang='lat' dir='ltr'><strong>Rrrr.</strong></span> 
     </span>
    </p>

    <p class='ocr_par' dir='ltr' id='par_1_6' title="bbox 590 2469 2768 4168">
     <span class='ocr_line' id='line_1_24' title="bbox 763 2469 2759 2560; baseline -0.005 -17"><span class='ocrx_word' id='word_1_201' title='bbox 763 2484 866 2548; x_wconf 80' lang='lat'><strong>52.</strong></span> <span class='ocrx_word' id='word_1_202' title='bbox 952 2501 1129 2540; x_wconf 71' lang='lat' dir='ltr'><strong>curas</strong></span> <span class='ocrx_word' id='word_1_203' title='bbox 1162 2498 1271 2538; x_wconf 88' lang='lat' dir='ltr'><strong>nos</strong></span> <span class='ocrx_word' id='word_1_204' title='bbox 1309 2482 1680 2557; x_wconf 70' lang='lat' dir='ltr'><strong>reposuimus</strong></span> <span class='ocrx_word' id='word_1_205' title='bbox 1721 2500 1828 2560; x_wconf 87' lang='lat' dir='ltr'><strong>pro</strong></span> <span class='ocrx_word' id='word_1_206' title='bbox 1867 2480 2132 2551; x_wconf 73' lang='lat' dir='ltr'><strong>sudores,</strong></span> <span class='ocrx_word' id='word_1_207' title='bbox 2173 2476 2337 2560; x_wconf 84' lang='lat' dir='ltr'><strong>quod</strong></span> <span class='ocrx_word' id='word_1_208' title='bbox 2371 2469 2569 2537; x_wconf 54' lang='lat' dir='ltr'><strong>minus*</strong></span> <span class='ocrx_word' id='word_1_209' title='bbox 2612 2496 2759 2535; x_wconf 90' lang='lat' dir='ltr'><strong>con-</strong></span> 
     </span>
     <span class='ocr_line' id='line_1_25' title="bbox 599 2563 2761 2651; baseline -0.005 -22"><span class='ocrx_word' id='word_1_210' title='bbox 599 2578 834 2651; x_wconf 85' lang='lat' dir='ltr'><strong>grueret</strong></span> <span class='ocrx_word' id='word_1_211' title='bbox 873 2578 933 2628; x_wconf 92' lang='lat' dir='ltr'><strong>et</strong></span> <span class='ocrx_word' id='word_1_212' title='bbox 971 2565 1183 2625; x_wconf 87' lang='lat' dir='ltr'><strong>rationi</strong></span> <span class='ocrx_word' id='word_1_213' title='bbox 1225 2566 1500 2624; x_wconf 75' lang='lat' dir='ltr'><strong>carminis</strong></span> <span class='ocrx_word' id='word_1_214' title='bbox 1549 2576 1727 2646; x_wconf 90' lang='lat' dir='ltr'><strong>atque</strong></span> <span class='ocrx_word' id='word_1_215' title='bbox 1775 2568 2131 2639; x_wconf 81' lang='lat' dir='ltr'><strong>sententiae3</strong></span> <span class='ocrx_word' id='word_1_216' title='bbox 2191 2566 2307 2623; x_wconf 86' lang='lat' dir='ltr'><strong>nisi</strong></span> <span class='ocrx_word' id='word_1_217' title='bbox 2347 2564 2524 2622; x_wconf 88' lang='lat' dir='ltr'><strong>alicui</strong></span> <span class='ocrx_word' id='word_1_218' title='bbox 2563 2563 2761 2642; x_wconf 85' lang='lat' dir='ltr'><strong>potius</strong></span> 
     </span>
     <span class='ocr_line' id='line_1_26' title="bbox 594 2645 2766 2732; baseline -0.004 -18"><span class='ocrx_word' id='word_1_219' title='bbox 594 2675 757 2714; x_wconf 80' lang='lat' dir='ltr'><strong>nunc</strong></span> <span class='ocrx_word' id='word_1_220' title='bbox 811 2648 1277 2732; x_wconf 82' lang='lat' dir='ltr'><strong>expungendum</strong></span> <span class='ocrx_word' id='word_1_221' title='bbox 1325 2647 1616 2710; x_wconf 87' lang='lat' dir='ltr'><strong>videatur.</strong></span> <span class='ocrx_word' id='word_1_222' title='bbox 1704 2654 1849 2732; x_wconf 91' lang='lat' dir='ltr'><strong>quin</strong></span> <span class='ocrx_word' id='word_1_223' title='bbox 1893 2662 1952 2710; x_wconf 88' lang='lat' dir='ltr'><strong>et</strong></span> <span class='ocrx_word' id='word_1_224' title='bbox 1997 2652 2282 2729; x_wconf 87' lang='lat' dir='ltr'><strong>Corippus</strong></span> <span class='ocrx_word' id='word_1_225' title='bbox 2322 2646 2438 2707; x_wconf 91' lang='lat' dir='ltr'><strong>hoc</strong></span> <span class='ocrx_word' id='word_1_226' title='bbox 2473 2645 2766 2729; x_wconf 87' lang='lat' dir='ltr'><strong>loquendi</strong></span> 
     </span>
     <span class='ocr_line' id='line_1_27' title="bbox 594 2731 2763 2814; baseline -0.004 -17"><span class='ocrx_word' id='word_1_227' title='bbox 594 2736 775 2798; x_wconf 87' lang='lat' dir='ltr'><strong>modo</strong></span> <span class='ocrx_word' id='word_1_228' title='bbox 806 2741 992 2796; x_wconf 85' lang='lat' dir='ltr'><strong>utitur</strong></span> <span class='ocrx_word' id='word_1_229' title='bbox 1021 2735 1269 2793; x_wconf 74' lang='lat' dir='ltr'><strong>inferius</strong></span> <span class='ocrx_word' id='word_1_230' title='bbox 1299 2734 1405 2792; x_wconf 92' lang='lat' dir='ltr'><strong>lib.</strong></span> <span class='ocrx_word' id='word_1_231' title='bbox 1434 2739 1496 2797; x_wconf 80' lang='lat'><strong>2.</strong></span> <span class='ocrx_word' id='word_1_232' title='bbox 1539 2738 1724 2798; x_wconf 83' lang='lat' dir='ltr'><strong>Rmz.</strong></span> <span class='ocrx_word' id='word_1_233' title='bbox 1822 2736 1888 2792; x_wconf 90' lang='lat' dir='ltr'><strong>in</strong></span> <span class='ocrx_word' id='word_1_234' title='bbox 1925 2737 2119 2814; x_wconf 90' lang='lat' dir='ltr'><strong>priore</strong></span> <span class='ocrx_word' id='word_1_235' title='bbox 2163 2732 2417 2793; x_wconf 86' lang='lat' dir='ltr'><strong>editione</strong></span> <span class='ocrx_word' id='word_1_236' title='bbox 2454 2731 2763 2791; x_wconf 84' lang='lat' dir='ltr'><strong>admonuit</strong></span> 
     </span>
     <span class='ocr_line' id='line_1_28' title="bbox 596 2816 2766 2900; baseline -0.003 -18"><span class='ocrx_word' id='word_1_237' title='bbox 596 2825 910 2900; x_wconf 84' lang='lat' dir='ltr'><strong>Assagrius</strong></span> <span class='ocrx_word' id='word_1_238' title='bbox 940 2823 1005 2878; x_wconf 85' lang='lat' dir='ltr'><strong>in</strong></span> <span class='ocrx_word' id='word_1_239' title='bbox 1032 2839 1127 2878; x_wconf 81' lang='lat' dir='ltr'><strong>ms</strong></span> <span class='ocrx_word' id='word_1_240' title='bbox 1154 2819 1337 2876; x_wconf 86' lang='lat' dir='ltr'><strong>fuisse</strong></span> <span class='ocrx_word' id='word_1_241' title='bbox 1366 2819 1605 2878; x_wconf 67' lang='lat' dir='ltr'><strong>sudores</strong></span> <span class='ocrx_word' id='word_1_242' title='bbox 1633 2821 1862 2897; x_wconf 67' lang='lat' dir='ltr'><strong>sueczpe</strong></span> <span class='ocrx_word' id='word_1_243' title='bbox 1890 2841 2116 2892; x_wconf 80' lang='lat' dir='ltr'><strong>rerum;</strong></span> <span class='ocrx_word' id='word_1_244' title='bbox 2157 2816 2320 2899; x_wconf 88' lang='lat' dir='ltr'><strong>quod</strong></span> <span class='ocrx_word' id='word_1_245' title='bbox 2351 2819 2589 2878; x_wconf 84' lang='lat' dir='ltr'><strong>tolerari</strong></span> <span class='ocrx_word' id='word_1_246' title='bbox 2618 2837 2766 2896; x_wconf 80' lang='lat' dir='ltr'><strong>pos-</strong></span> 
     </span>
     <span class='ocr_line' id='line_1_29' title="bbox 590 2900 2763 2981; baseline -0.003 -16"><span class='ocrx_word' id='word_1_247' title='bbox 590 2919 717 2979; x_wconf 82' lang='lat' dir='ltr'><strong>set,</strong></span> <span class='ocrx_word' id='word_1_248' title='bbox 761 2925 841 2963; x_wconf 83' lang='lat' dir='ltr'><strong>ex</strong></span> <span class='ocrx_word' id='word_1_249' title='bbox 869 2907 1109 2962; x_wconf 84' lang='lat' dir='ltr'><strong>Horatio</strong></span> <span class='ocrx_word' id='word_1_250' title='bbox 1139 2904 1246 2961; x_wconf 89' lang='lat' dir='ltr'><strong>lib.</strong></span> <span class='ocrx_word' id='word_1_251' title='bbox 1280 2905 1316 2964; x_wconf 87' lang='lat'>1</span> <span class='ocrx_word' id='word_1_252' title='bbox 1346 2900 1445 2962; x_wconf 88' lang='lat' dir='ltr'><strong>od.</strong></span> <span class='ocrx_word' id='word_1_253' title='bbox 1477 2904 1587 2969; x_wconf 81' lang='lat'><strong>16:</strong></span> <span class='ocrx_word' id='word_1_254' title='bbox 1631 2904 1814 2962; x_wconf 80' lang='lat' dir='ltr'><strong>sudor</strong></span> <span class='ocrx_word' id='word_1_255' title='bbox 1848 2907 2009 2963; x_wconf 86' lang='lat' dir='ltr'><strong>enim</strong></span> <span class='ocrx_word' id='word_1_256' title='bbox 2043 2904 2307 2981; x_wconf 57' lang='lat' dir='ltr'><strong>dgfficilcb</strong></span> <span class='ocrx_word' id='word_1_257' title='bbox 2328 2902 2520 2961; x_wconf 84' lang='lat' dir='ltr'><strong>labor.</strong></span> <span class='ocrx_word' id='word_1_258' title='bbox 2609 2904 2763 2961; x_wconf 86' lang='lat' dir='ltr'><strong>Stat.</strong></span> 
     </span>
     <span class='ocr_line' id='line_1_30' title="bbox 594 2985 2765 3066; baseline -0.001 -19"><span class='ocrx_word' id='word_1_259' title='bbox 594 2991 702 3048; x_wconf 87' lang='lat' dir='ltr'><strong>lib.</strong></span> <span class='ocrx_word' id='word_1_260' title='bbox 732 2994 772 3053; x_wconf 87' lang='grc'><strong>7</strong></span> <span class='ocrx_word' id='word_1_261' title='bbox 801 2985 1099 3046; x_wconf 89' lang='lat' dir='ltr'><strong>Thebaid.</strong></span> <span class='ocrx_word' id='word_1_262' title='bbox 1127 2987 1346 3046; x_wconf 74' lang='lat' dir='ltr'><strong>sudata</strong></span> <span class='ocrx_word' id='word_1_263' title='bbox 1374 2986 1485 3046; x_wconf 73' lang='lat' dir='ltr'><strong>sub</strong></span> <span class='ocrx_word' id='word_1_264' title='bbox 1508 2990 1747 3046; x_wconf 80' lang='lat' dir='ltr'><strong>Haemo</strong></span> <span class='ocrx_word' id='word_1_265' title='bbox 1760 2989 2021 3066; x_wconf 81' lang='lat' dir='ltr'><strong>praelia.</strong></span> <span class='ocrx_word' id='word_1_266' title='bbox 2088 2987 2396 3048; x_wconf 84' lang='lat' dir='ltr'><strong>Claudian.</strong></span> <span class='ocrx_word' id='word_1_267' title='bbox 2432 2986 2506 3047; x_wconf 89' lang='lat' dir='ltr'><strong>de</strong></span> <span class='ocrx_word' id='word_1_268' title='bbox 2533 2992 2573 3052; x_wconf 80' lang='grc'><strong>8</strong></span> <span class='ocrx_word' id='word_1_269' title='bbox 2603 2990 2765 3046; x_wconf 84' lang='lat' dir='ltr'><strong>Hon.</strong></span> 
     </span>
     <span class='ocr_line' id='line_1_31' title="bbox 598 3073 2765 3151; baseline -0.001 -18"><span class='ocrx_word' id='word_1_270' title='bbox 598 3074 939 3133; x_wconf 73' lang='lat' dir='ltr'><strong>consulatu:</strong></span> <span class='ocrx_word' id='word_1_271' title='bbox 999 3091 1175 3150; x_wconf 83' lang='lat' dir='ltr'><strong>quem</strong></span> <span class='ocrx_word' id='word_1_272' title='bbox 1215 3074 1408 3128; x_wconf 76' lang='lat' dir='ltr'><strong>merui</strong></span> <span class='ocrx_word' id='word_1_273' title='bbox 1446 3083 1502 3129; x_wconf 81' lang='lat' dir='ltr'><strong>te</strong></span> <span class='ocrx_word' id='word_1_274' title='bbox 1538 3093 1659 3130; x_wconf 87' lang='lat' dir='ltr'><strong>non</strong></span> <span class='ocrx_word' id='word_1_275' title='bbox 1699 3073 1951 3132; x_wconf 75' lang='lat' dir='ltr'><strong>sudante</strong></span> <span class='ocrx_word' id='word_1_276' title='bbox 1987 3073 2376 3151; x_wconf 55' lang='lat' dir='ltr'><strong>bizanphum.</strong></span> <span class='ocrx_word' id='word_1_277' title='bbox 2480 3075 2566 3132; x_wconf 83' lang='lat' dir='ltr'><strong>sic</strong></span> <span class='ocrx_word' id='word_1_278' title='bbox 2604 3075 2765 3130; x_wconf 86' lang='lat' dir='ltr'><strong>enim</strong></span> 
     </span>
     <span class='ocr_line' id='line_1_32' title="bbox 601 3153 2764 3237; baseline -0 -21"><span class='ocrx_word' id='word_1_279' title='bbox 601 3169 756 3217; x_wconf 90' lang='lat' dir='ltr'><strong>recte</strong></span> <span class='ocrx_word' id='word_1_280' title='bbox 796 3161 861 3215; x_wconf 91' lang='lat' dir='ltr'><strong>in</strong></span> <span class='ocrx_word' id='word_1_281' title='bbox 895 3175 989 3216; x_wconf 83' lang='lat' dir='ltr'><strong>ms</strong></span> <span class='ocrx_word' id='word_1_282' title='bbox 1028 3175 1165 3214; x_wconf 89' lang='lat' dir='ltr'><strong>meo</strong></span> <span class='ocrx_word' id='word_1_283' title='bbox 1206 3153 1408 3214; x_wconf 89' lang='lat' dir='ltr'><strong>codice</strong></span> <span class='ocrx_word' id='word_1_284' title='bbox 1449 3158 1698 3235; x_wconf 83' lang='lat' dir='ltr'><strong>legitur,</strong></span> <span class='ocrx_word' id='word_1_285' title='bbox 1744 3176 1862 3237; x_wconf 93' lang='lat' dir='ltr'><strong>quo</strong></span> <span class='ocrx_word' id='word_1_286' title='bbox 1891 3167 2025 3217; x_wconf 86' lang='lat' dir='ltr'><strong>utor</strong></span> <span class='ocrx_word' id='word_1_287' title='bbox 2046 3157 2331 3217; x_wconf 84' lang='lat' dir='ltr'><strong>beneficio</strong></span> <span class='ocrx_word' id='word_1_288' title='bbox 2360 3168 2421 3216; x_wconf 86' lang='lat' dir='ltr'><strong>et</strong></span> <span class='ocrx_word' id='word_1_289' title='bbox 2450 3156 2605 3217; x_wconf 89' lang='lat' dir='ltr'><strong>dono</strong></span> <span class='ocrx_word' id='word_1_290' title='bbox 2629 3176 2764 3215; x_wconf 89' lang='lat' dir='ltr'><strong>ma-</strong></span> 
     </span>
     <span class='ocr_line' id='line_1_33' title="bbox 595 3241 2767 3322; baseline 0 -22"><span class='ocrx_word' id='word_1_291' title='bbox 595 3244 749 3300; x_wconf 84' lang='lat' dir='ltr'><strong>ximi</strong></span> <span class='ocrx_word' id='word_1_292' title='bbox 790 3242 1132 3317; x_wconf 83' lang='lat' dir='ltr'><strong>Bongarsii3</strong></span> <span class='ocrx_word' id='word_1_293' title='bbox 1187 3260 1368 3320; x_wconf 89' lang='lat' dir='ltr'><strong>quam</strong></span> <span class='ocrx_word' id='word_1_294' title='bbox 1404 3242 1722 3301; x_wconf 88' lang='lat' dir='ltr'><strong>lectionem</strong></span> <span class='ocrx_word' id='word_1_295' title='bbox 1750 3241 2008 3302; x_wconf 84' lang='lat' dir='ltr'><strong>admittit</strong></span> <span class='ocrx_word' id='word_1_296' title='bbox 2039 3241 2217 3301; x_wconf 87' lang='lat' dir='ltr'><strong>editio</strong></span> <span class='ocrx_word' id='word_1_297' title='bbox 2242 3243 2621 3301; x_wconf 86' lang='lat' dir='ltr'><strong>Plantiniana</strong></span> <span class='ocrx_word' id='word_1_298' title='bbox 2651 3262 2767 3322; x_wconf 87' lang='lat' dir='ltr'><strong>po-</strong></span> 
     </span>
     <span class='ocr_line' id='line_1_34' title="bbox 598 3324 2767 3408; baseline 0 -24"><span class='ocrx_word' id='word_1_299' title='bbox 598 3326 834 3397; x_wconf 84' lang='lat' dir='ltr'><strong>sterior,</strong></span> <span class='ocrx_word' id='word_1_300' title='bbox 876 3325 1016 3381; x_wconf 88' lang='lat' dir='ltr'><strong>licet</strong></span> <span class='ocrx_word' id='word_1_301' title='bbox 1055 3325 1121 3381; x_wconf 89' lang='lat' dir='ltr'><strong>in</strong></span> <span class='ocrx_word' id='word_1_302' title='bbox 1165 3324 1420 3384; x_wconf 90' lang='lat' dir='ltr'><strong>editione</strong></span> <span class='ocrx_word' id='word_1_303' title='bbox 1465 3329 1649 3406; x_wconf 87' lang='lat' dir='ltr'><strong>priori</strong></span> <span class='ocrx_word' id='word_1_304' title='bbox 1683 3328 1870 3384; x_wconf 87' lang='lat' dir='ltr'><strong>Delrii</strong></span> <span class='ocrx_word' id='word_1_305' title='bbox 1909 3329 1988 3387; x_wconf 87' lang='lat' dir='ltr'><strong>sit</strong></span> <span class='ocrx_word' id='word_1_306' title='bbox 2015 3328 2324 3400; x_wconf 78' lang='lat' dir='ltr'><strong>suadente,</strong></span> <span class='ocrx_word' id='word_1_307' title='bbox 2368 3327 2529 3408; x_wconf 86' lang='lat' dir='ltr'><strong>quod</strong></span> <span class='ocrx_word' id='word_1_308' title='bbox 2556 3329 2767 3405; x_wconf 84' lang='lat' dir='ltr'><strong>recipit</strong></span> 
     </span>
     <span class='ocr_line' id='line_1_35' title="bbox 601 3406 2768 3495; baseline 0.001 -27"><span class='ocrx_word' id='word_1_309' title='bbox 601 3407 853 3489; x_wconf 77' lang='lat' dir='ltr'><strong>Gryphii</strong></span> <span class='ocrx_word' id='word_1_310' title='bbox 889 3406 1083 3466; x_wconf 84' lang='lat' dir='ltr'><strong>codex</strong></span> <span class='ocrx_word' id='word_1_311' title='bbox 1108 3417 1167 3465; x_wconf 90' lang='lat' dir='ltr'><strong>et</strong></span> <span class='ocrx_word' id='word_1_312' title='bbox 1190 3410 1449 3470; x_wconf 87' lang='lat' dir='ltr'><strong>Venetus</strong></span> <span class='ocrx_word' id='word_1_313' title='bbox 1481 3421 1617 3470; x_wconf 88' lang='lat' dir='ltr'><strong>ante</strong></span> <span class='ocrx_word' id='word_1_314' title='bbox 1647 3422 1883 3470; x_wconf 88' lang='lat' dir='ltr'><strong>centum</strong></span> <span class='ocrx_word' id='word_1_315' title='bbox 1914 3423 1974 3471; x_wconf 88' lang='lat' dir='ltr'><strong>et</strong></span> <span class='ocrx_word' id='word_1_316' title='bbox 2007 3411 2394 3495; x_wconf 85' lang='lat' dir='ltr'><strong>quadraginta</strong></span> <span class='ocrx_word' id='word_1_317' title='bbox 2426 3432 2610 3471; x_wconf 84' lang='lat' dir='ltr'><strong>annos</strong></span> <span class='ocrx_word' id='word_1_318' title='bbox 2651 3431 2768 3470; x_wconf 83' lang='lat' dir='ltr'><strong>ex·-</strong></span> 
     </span>
     <span class='ocr_line' id='line_1_36' title="bbox 598 3492 2766 3574; baseline 0.004 -23"><span class='ocrx_word' id='word_1_319' title='bbox 598 3514 794 3554; x_wconf 86' lang='lat' dir='ltr'><strong>cusus.</strong></span> <span class='ocrx_word' id='word_1_320' title='bbox 875 3512 1071 3572; x_wconf 90' lang='lat' dir='ltr'><strong>neque</strong></span> <span class='ocrx_word' id='word_1_321' title='bbox 1098 3502 1299 3552; x_wconf 83' lang='lat' dir='ltr'><strong>tamen</strong></span> <span class='ocrx_word' id='word_1_322' title='bbox 1323 3492 1594 3574; x_wconf 85' lang='lat' dir='ltr'><strong>displicet</strong></span> <span class='ocrx_word' id='word_1_323' title='bbox 1624 3518 1799 3555; x_wconf 78' lang='lat' dir='ltr'><strong>curas</strong></span> <span class='ocrx_word' id='word_1_324' title='bbox 1825 3518 2007 3555; x_wconf 81' lang='lat' dir='ltr'><strong>nunc.</strong></span> <span class='ocrx_word' id='word_1_325' title='bbox 2095 3499 2252 3556; x_wconf 78' lang='lat' dir='ltr'><strong>infra</strong></span> <span class='ocrx_word' id='word_1_326' title='bbox 2277 3501 2319 3560; x_wconf 78' lang='lat'>2</span> <span class='ocrx_word' id='word_1_327' title='bbox 2366 3500 2514 3572; x_wconf 84' lang='lat'><strong>180,</strong></span> <span class='ocrx_word' id='word_1_328' title='bbox 2557 3500 2598 3561; x_wconf 81' lang='grc'><strong>8</strong></span> <span class='ocrx_word' id='word_1_329' title='bbox 2642 3498 2766 3560; x_wconf 79' lang='lat'><strong>139</strong></span> 
     </span>
     <span class='ocr_line' id='line_1_37' title="bbox 599 3576 2765 3660; baseline 0 -24"><span class='ocrx_word' id='word_1_330' title='bbox 599 3589 658 3636; x_wconf 92' lang='lat' dir='ltr'><strong>et</strong></span> <span class='ocrx_word' id='word_1_331' title='bbox 693 3580 855 3636; x_wconf 90' lang='lat' dir='ltr'><strong>alibi.</strong></span> <span class='ocrx_word' id='word_1_332' title='bbox 941 3576 1248 3637; x_wconf 82' lang='lat' dir='ltr'><strong>Claudian.</strong></span> <span class='ocrx_word' id='word_1_333' title='bbox 1276 3578 1350 3637; x_wconf 88' lang='lat' dir='ltr'><strong>de</strong></span> <span class='ocrx_word' id='word_1_334' title='bbox 1378 3584 1417 3644; x_wconf 82' lang='lat'><strong>3</strong></span> <span class='ocrx_word' id='word_1_335' title='bbox 1445 3582 1669 3641; x_wconf 81' lang='lat' dir='ltr'><strong>consul.</strong></span> <span class='ocrx_word' id='word_1_336' title='bbox 1699 3584 1948 3639; x_wconf 85' lang='lat' dir='ltr'><strong>Honorii</strong></span> <span class='ocrx_word' id='word_1_337' title='bbox 1962 3586 2236 3660; x_wconf 78' lang='lat' dir='ltr'><strong>patrium</strong></span> <span class='ocrx_word' id='word_1_338' title='bbox 2256 3579 2453 3640; x_wconf 82' lang='lat' dir='ltr'><strong>orbem</strong></span> <span class='ocrx_word' id='word_1_339' title='bbox 2477 3587 2637 3641; x_wconf 55' lang='lat' dir='ltr'><strong>cuns</strong></span> <span class='ocrx_word' id='word_1_340' title='bbox 2660 3600 2765 3638; x_wconf 84' lang='lat' dir='ltr'><strong>ae-</strong></span> 
     </span>
     <span class='ocr_line' id='line_1_38' title="bbox 599 3662 2765 3745; baseline 0.001 -26"><span class='ocrx_word' id='word_1_341' title='bbox 599 3662 880 3741; x_wconf 70' lang='lat' dir='ltr'><strong>qualibus</strong></span> <span class='ocrx_word' id='word_1_342' title='bbox 922 3682 1118 3741; x_wconf 79' lang='lat' dir='ltr'><strong>regere</strong></span> <span class='ocrx_word' id='word_1_343' title='bbox 1156 3662 1331 3721; x_wconf 88' lang='lat' dir='ltr'><strong>dixit.</strong></span> <span class='ocrx_word' id='word_1_344' title='bbox 1413 3663 1578 3724; x_wconf 89' lang='lat' dir='ltr'><strong>idem</strong></span> <span class='ocrx_word' id='word_1_345' title='bbox 1616 3667 1680 3722; x_wconf 91' lang='lat' dir='ltr'><strong>in</strong></span> <span class='ocrx_word' id='word_1_346' title='bbox 1721 3666 1943 3724; x_wconf 86' lang='lat' dir='ltr'><strong>Ruffin.</strong></span> <span class='ocrx_word' id='word_1_347' title='bbox 1983 3671 2057 3730; x_wconf 82' lang='lat'><strong>2:</strong></span> <span class='ocrx_word' id='word_1_348' title='bbox 2098 3688 2220 3726; x_wconf 86' lang='lat' dir='ltr'><strong>non</strong></span> <span class='ocrx_word' id='word_1_349' title='bbox 2237 3667 2431 3745; x_wconf 83' lang='lat' dir='ltr'><strong>pudet</strong></span> <span class='ocrx_word' id='word_1_350' title='bbox 2454 3667 2765 3726; x_wconf 67' lang='lat' dir='ltr'><strong>Ausonias</strong></span> 
     </span>
     <span class='ocr_line' id='line_1_39' title="bbox 595 3749 2766 3828; baseline 0.002 -26"><span class='ocrx_word' id='word_1_351' title='bbox 595 3767 773 3803; x_wconf 76' lang='lat' dir='ltr'><strong>curas</strong></span> <span class='ocrx_word' id='word_1_352' title='bbox 801 3757 857 3803; x_wconf 84' lang='lat' dir='ltr'><strong>et</strong></span> <span class='ocrx_word' id='word_1_353' title='bbox 882 3749 1020 3803; x_wconf 82' lang='lat' dir='ltr'><strong>iura</strong></span> <span class='ocrx_word' id='word_1_354' title='bbox 1044 3758 1356 3826; x_wconf 80' lang='lat' dir='ltr'><strong>regentem.</strong></span> <span class='ocrx_word' id='word_1_355' title='bbox 1445 3752 1530 3808; x_wconf 84' lang='lat' dir='ltr'><strong>sic</strong></span> <span class='ocrx_word' id='word_1_356' title='bbox 1556 3753 1718 3807; x_wconf 87' lang='lat' dir='ltr'><strong>enim</strong></span> <span class='ocrx_word' id='word_1_357' title='bbox 1745 3751 1893 3828; x_wconf 87' lang='lat' dir='ltr'><strong>legit</strong></span> <span class='ocrx_word' id='word_1_358' title='bbox 1922 3749 2294 3811; x_wconf 85' lang='lat' dir='ltr'><strong>doctissimus</strong></span> <span class='ocrx_word' id='word_1_359' title='bbox 2321 3754 2657 3823; x_wconf 82' lang='lat' dir='ltr'><strong>anerius,</strong></span> <span class='ocrx_word' id='word_1_360' title='bbox 2700 3759 2766 3806; x_wconf 88' lang='lat' dir='ltr'><strong>et</strong></span> 
     </span>
     <span class='ocr_line' id='line_1_40' title="bbox 593 3831 2766 3915; baseline 0.002 -28"><span class='ocrx_word' id='word_1_361' title='bbox 593 3832 660 3887; x_wconf 87' lang='lat' dir='ltr'><strong>in</strong></span> <span class='ocrx_word' id='word_1_362' title='bbox 685 3831 988 3888; x_wconf 81' lang='lat' dir='ltr'><strong>Parisiana</strong></span> <span class='ocrx_word' id='word_1_363' title='bbox 1016 3833 1101 3889; x_wconf 84' lang='lat' dir='ltr'><strong>sic</strong></span> <span class='ocrx_word' id='word_1_364' title='bbox 1130 3851 1449 3907; x_wconf 84' lang='lat' dir='ltr'><strong>excusum,</strong></span> <span class='ocrx_word' id='word_1_365' title='bbox 1498 3835 1642 3892; x_wconf 89' lang='lat' dir='ltr'><strong>licet</strong></span> <span class='ocrx_word' id='word_1_366' title='bbox 1673 3838 2108 3915; x_wconf 80' lang='lat' dir='ltr'><strong>manuscriptus</strong></span> <span class='ocrx_word' id='word_1_367' title='bbox 2135 3857 2305 3896; x_wconf 82' lang='lat' dir='ltr'><strong>meus</strong></span> <span class='ocrx_word' id='word_1_368' title='bbox 2335 3834 2525 3896; x_wconf 85' lang='lat' dir='ltr'><strong>codex</strong></span> <span class='ocrx_word' id='word_1_369' title='bbox 2558 3844 2620 3893; x_wconf 90' lang='lat' dir='ltr'><strong>et</strong></span> <span class='ocrx_word' id='word_1_370' title='bbox 2639 3835 2766 3894; x_wconf 83' lang='lat' dir='ltr'><strong>Ve-</strong></span> 
     </span>
     <span class='ocr_line' id='line_1_41' title="bbox 601 3916 2765 3995; baseline 0.002 -23"><span class='ocrx_word' id='word_1_371' title='bbox 601 3924 774 3972; x_wconf 87' lang='lat' dir='ltr'><strong>netus</strong></span> <span class='ocrx_word' id='word_1_372' title='bbox 831 3917 1272 3995; x_wconf 81' lang='lat' dir='ltr'><strong>antiquissimus</strong></span> <span class='ocrx_word' id='word_1_373' title='bbox 1325 3937 1535 3976; x_wconf 67' lang='lat' dir='ltr'><strong>currus</strong></span> <span class='ocrx_word' id='word_1_374' title='bbox 1573 3916 1834 3979; x_wconf 87' lang='lat' dir='ltr'><strong>habeant</strong></span> <span class='ocrx_word' id='word_1_375' title='bbox 1849 3964 1867 3995; x_wconf 90' lang='lat'><strong>‚</strong></span> <span class='ocrx_word' id='word_1_376' title='bbox 1923 3932 2082 3980; x_wconf 86' lang='lat' dir='ltr'><strong>recto</strong></span> <span class='ocrx_word' id='word_1_377' title='bbox 2127 3925 2310 3980; x_wconf 85' lang='lat' dir='ltr'><strong>etiam</strong></span> <span class='ocrx_word' id='word_1_378' title='bbox 2348 3937 2560 3980; x_wconf 83' lang='lat' dir='ltr'><strong>sensu:</strong></span> <span class='ocrx_word' id='word_1_379' title='bbox 2620 3938 2765 3978; x_wconf 87' lang='lat' dir='ltr'><strong>nam</strong></span> 
     </span>
     <span class='ocr_line' id='line_1_42' title="bbox 599 3998 2765 4078; baseline 0.003 -24"><span class='ocrx_word' id='word_1_380' title='bbox 599 3998 882 4077; x_wconf 80' lang='lat' dir='ltr'><strong>praefecti</strong></span> <span class='ocrx_word' id='word_1_381' title='bbox 943 4004 1235 4078; x_wconf 85' lang='lat' dir='ltr'><strong>praetorio</strong></span> <span class='ocrx_word' id='word_1_382' title='bbox 1289 4019 1462 4059; x_wconf 85' lang='lat' dir='ltr'><strong>curru</strong></span> <span class='ocrx_word' id='word_1_383' title='bbox 1515 4001 1913 4078; x_wconf 80' lang='lat' dir='ltr'><strong>vehebantur,</strong></span> <span class='ocrx_word' id='word_1_384' title='bbox 1991 4016 2058 4065; x_wconf 91' lang='lat' dir='ltr'><strong>ut</strong></span> <span class='ocrx_word' id='word_1_385' title='bbox 2108 4008 2195 4065; x_wconf 90' lang='lat' dir='ltr'><strong>ibi</strong></span> <span class='ocrx_word' id='word_1_386' title='bbox 2245 4006 2452 4065; x_wconf 84' lang='lat' dir='ltr'><strong>multis</strong></span> <span class='ocrx_word' id='word_1_387' title='bbox 2510 4002 2765 4065; x_wconf 78' lang='lat' dir='ltr'><strong>ostendi.</strong></span> 
     </span>
     <span class='ocr_line' id='line_1_43' title="bbox 597 4083 2764 4168; baseline 0.002 -27"><span class='ocrx_word' id='word_1_388' title='bbox 597 4085 880 4142; x_wconf 73' lang='lat' dir='ltr'><strong>naurs-r.</strong></span> <span class='ocrx_word' id='word_1_389' title='bbox 966 4105 1102 4144; x_wconf 88' lang='lat' dir='ltr'><strong>cum</strong></span> <span class='ocrx_word' id='word_1_390' title='bbox 1129 4088 1194 4142; x_wconf 89' lang='lat' dir='ltr'><strong>in</strong></span> <span class='ocrx_word' id='word_1_391' title='bbox 1234 4104 1329 4144; x_wconf 87' lang='lat' dir='ltr'><strong>ms</strong></span> <span class='ocrx_word' id='word_1_392' title='bbox 1371 4083 1501 4145; x_wconf 86' lang='lat' dir='ltr'><strong>cod.</strong></span> <span class='ocrx_word' id='word_1_393' title='bbox 1543 4089 1739 4147; x_wconf 87' lang='lat' dir='ltr'><strong>visum</strong></span> <span class='ocrx_word' id='word_1_394' title='bbox 1765 4091 1842 4147; x_wconf 90' lang='lat' dir='ltr'><strong>sit</strong></span> <span class='ocrx_word' id='word_1_395' title='bbox 1866 4092 2075 4150; x_wconf 84' lang='lat' dir='ltr'><strong>Ruizio</strong></span> <span class='ocrx_word' id='word_1_396' title='bbox 2108 4091 2419 4151; x_wconf 84' lang='lat' dir='ltr'><strong>librarium</strong></span> <span class='ocrx_word' id='word_1_397' title='bbox 2457 4091 2764 4168; x_wconf 73' lang='lat' dir='ltr'><strong>scripsisse</strong></span> 
     </span>
    </p>
   </div>
   <div class='ocr_carea' id='block_1_4' title="bbox 598 4168 2763 4330">
    <p class='ocr_par' dir='ltr' id='par_1_7' title="bbox 598 4168 2763 4330">
     <span class='ocr_line' id='line_1_44' title="bbox 599 4168 2763 4256; baseline 0.003 -31"><span class='ocrx_word' id='word_1_398' title='bbox 599 4168 837 4227; x_wconf 65' lang='lat' dir='ltr'><strong>sudores</strong></span> <span class='ocrx_word' id='word_1_399' title='bbox 861 4189 1048 4238; x_wconf 79' lang='lat' dir='ltr'><strong>nunc,</strong></span> <span class='ocrx_word' id='word_1_400' title='bbox 1090 4169 1353 4228; x_wconf 84' lang='lat' dir='ltr'><strong>fortassis</strong></span> <span class='ocrx_word' id='word_1_401' title='bbox 1382 4173 1436 4231; x_wconf 90' lang='lat' dir='ltr'><strong>si</strong></span> <span class='ocrx_word' id='word_1_402' title='bbox 1466 4172 1635 4250; x_wconf 80' lang='lat' dir='ltr'><strong>legas</strong></span> <span class='ocrx_word' id='word_1_403' title='bbox 1657 4174 1829 4233; x_wconf 87' lang='lat' dir='ltr'><strong>modo</strong></span> <span class='ocrx_word' id='word_1_404' title='bbox 1858 4194 2061 4247; x_wconf 73' lang='lat' dir='ltr'><strong>curas,</strong></span> <span class='ocrx_word' id='word_1_405' title='bbox 2102 4177 2365 4256; x_wconf 85' lang='lat' dir='ltr'><strong>vestigiis</strong></span> <span class='ocrx_word' id='word_1_406' title='bbox 2389 4195 2486 4235; x_wconf 81' lang='lat' dir='ltr'><strong>ms</strong></span> <span class='ocrx_word' id='word_1_407' title='bbox 2510 4172 2641 4235; x_wconf 88' lang='lat' dir='ltr'><strong>cod.</strong></span> <span class='ocrx_word' id='word_1_408' title='bbox 2663 4176 2763 4244; x_wconf 51' lang='lat' dir='ltr'><strong>in&lt;-</strong></span> 
     </span>
     <span class='ocr_line' id='line_1_45' title="bbox 598 4248 1388 4330; baseline 0.009 -20"><span class='ocrx_word' id='word_1_409' title='bbox 598 4248 870 4312; x_wconf 85' lang='lat' dir='ltr'><strong>haerebis</strong></span> <span class='ocrx_word' id='word_1_410' title='bbox 896 4254 1110 4330; x_wconf 81' lang='lat' dir='ltr'><strong>magis.</strong></span> <span class='ocrx_word' id='word_1_411' title='bbox 1191 4255 1388 4317; x_wconf 75' lang='lat' dir='ltr'><strong>Foco.</strong></span> 
     </span>
    </p>
   </div>
   <div class='ocr_carea' id='block_1_5' title="bbox 759 4351 2062 4431">
    <p class='ocr_par' dir='ltr' id='par_1_8' title="bbox 759 4351 2062 4431">
     <span class='ocr_line' id='line_1_46' title="bbox 759 4351 2062 4431; baseline 0.008 -21"><span class='ocrx_word' id='word_1_412' title='bbox 759 4351 863 4418; x_wconf 80' lang='grc'><strong>58.</strong></span> <span class='ocrx_word' id='word_1_413' title='bbox 947 4362 1052 4412; x_wconf 69' lang='grc' dir='ltr'><strong>εει.</strong></span> <span class='ocrx_word' id='word_1_414' title='bbox 1138 4351 1447 4431; x_wconf 78' lang='lat' dir='ltr'><strong>legebatur</strong></span> <span class='ocrx_word' id='word_1_415' title='bbox 1472 4356 1680 4419; x_wconf 82' lang='lat' dir='ltr'><strong>vitiose</strong></span> <span class='ocrx_word' id='word_1_416' title='bbox 1710 4368 1786 4416; x_wconf 77' lang='lat' dir='ltr'><strong>et.</strong></span> <span class='ocrx_word' id='word_1_417' title='bbox 1874 4360 2062 4421; x_wconf 72' lang='lat' dir='ltr'><strong>Bur.</strong></span> 
     </span>
    </p>
   </div>
  </div>
 </body>
</html>
