<?xml version="1.0" encoding="UTF-8"?>
<!DOCTYPE html PUBLIC "-//W3C//DTD XHTML 1.0 Transitional//EN"
    "http://www.w3.org/TR/xhtml1/DTD/xhtml1-transitional.dtd">
<html xmlns="http://www.w3.org/1999/xhtml" xml:lang="en" lang="en">
 <head>
  <title>
</title>
<meta http-equiv="Content-Type" content="text/html;charset=utf-8" />
  <meta name='ocr-system' content='tesseract 3.04.00' />
  <meta name='ocr-capabilities' content='ocr_page ocr_carea ocr_par ocr_line ocrx_word'/>
</head>
<body>
  <div class='ocr_page' id='page_1' title='image "./carminumpanegyr00niebgoog_0433.png"; bbox 0 0 3210 5200; ppageno 0'>
   <div class='ocr_carea' id='block_1_1' title="bbox 960 385 2509 485">
    <p class='ocr_par' dir='ltr' id='par_1_1' title="bbox 960 385 2509 485">
     <span class='ocr_line' id='line_1_1' title="bbox 960 385 2509 485; baseline 0.006 -33"><span class='ocrx_word' id='word_1_1' title='bbox 960 387 1075 452; x_wconf 71' lang='grc' dir='ltr'><strong>ΒΕ</strong></span> <span class='ocrx_word' id='word_1_2' title='bbox 1123 385 1529 485; x_wconf 62' lang='lat' dir='ltr'><strong>muamus</strong></span> <span class='ocrx_word' id='word_1_3' title='bbox 1576 386 1907 453; x_wconf 76' lang='lat' dir='ltr'><strong>rusum.</strong></span> <span class='ocrx_word' id='word_1_4' title='bbox 2366 386 2509 461; x_wconf 79' lang='lat'><strong>349</strong></span> 
     </span>
    </p>
   </div>
   <div class='ocr_carea' id='block_1_2' title="bbox 360 545 2521 1734">
    <p class='ocr_par' dir='ltr' id='par_1_2' title="bbox 361 545 2510 721">
     <span class='ocr_line' id='line_1_2' title="bbox 361 545 2510 637; baseline 0 -21"><span class='ocrx_word' id='word_1_5' title='bbox 361 570 459 616; x_wconf 84' lang='lat' dir='ltr'><strong>tur</strong></span> <span class='ocrx_word' id='word_1_6' title='bbox 494 545 848 636; x_wconf 85' lang='lat' dir='ltr'><strong>quadrigae,</strong></span> <span class='ocrx_word' id='word_1_7' title='bbox 893 572 1119 626; x_wconf 86' lang='lat' dir='ltr'><strong>carcer,</strong></span> <span class='ocrx_word' id='word_1_8' title='bbox 1165 550 1283 631; x_wconf 84' lang='lat' dir='ltr'><strong>quo</strong></span> <span class='ocrx_word' id='word_1_9' title='bbox 1323 550 1673 625; x_wconf 86' lang='lat' dir='ltr'><strong>tendebant,</strong></span> <span class='ocrx_word' id='word_1_10' title='bbox 1720 562 1880 610; x_wconf 88' lang='lat' dir='ltr'><strong>meta</strong></span> <span class='ocrx_word' id='word_1_11' title='bbox 1916 550 2243 629; x_wconf 68' lang='lat' dir='ltr'><strong>dicebatur,</strong></span> <span class='ocrx_word' id='word_1_12' title='bbox 2287 552 2363 614; x_wconf 84' lang='lat' dir='ltr'><strong>de</strong></span> <span class='ocrx_word' id='word_1_13' title='bbox 2394 576 2510 637; x_wconf 85' lang='lat' dir='ltr'><strong>qua</strong></span> 
     </span>
     <span class='ocr_line' id='line_1_3' title="bbox 363 638 2079 721; baseline -0.002 -21"><span class='ocrx_word' id='word_1_14' title='bbox 363 663 423 700; x_wconf 90' lang='lat' dir='ltr'><strong>re</strong></span> <span class='ocrx_word' id='word_1_15' title='bbox 445 644 609 721; x_wconf 86' lang='lat' dir='ltr'><strong>pleni</strong></span> <span class='ocrx_word' id='word_1_16' title='bbox 639 651 777 699; x_wconf 89' lang='lat' dir='ltr'><strong>sunt</strong></span> <span class='ocrx_word' id='word_1_17' title='bbox 809 640 946 695; x_wconf 82' lang='lat' dir='ltr'><strong>libri</strong></span> <span class='ocrx_word' id='word_1_18' title='bbox 966 680 982 712; x_wconf 93' lang='lat'><strong>,</strong></span> <span class='ocrx_word' id='word_1_19' title='bbox 1031 639 1136 716; x_wconf 89' lang='lat' dir='ltr'><strong>qui</strong></span> <span class='ocrx_word' id='word_1_20' title='bbox 1167 638 1580 695; x_wconf 80' lang='lat' dir='ltr'><strong>consulantur.-</strong></span> <span class='ocrx_word' id='word_1_21' title='bbox 1644 639 1941 696; x_wconf 65' lang='lat' dir='ltr'><strong>naurs-r.-</strong></span> <span class='ocrx_word' id='word_1_22' title='bbox 2072 696 2079 703; x_wconf 78' lang='grc'>,</span> 
     </span>
    </p>

    <p class='ocr_par' dir='ltr' id='par_1_3' title="bbox 360 719 2521 1291">
     <span class='ocr_line' id='line_1_4' title="bbox 524 719 2514 802; baseline -0.003 -14"><span class='ocrx_word' id='word_1_23' title='bbox 524 729 667 788; x_wconf 82' lang='grc'><strong>882.</strong></span> <span class='ocrx_word' id='word_1_24' title='bbox 754 743 832 781; x_wconf 83' lang='lat' dir='ltr'><strong>ex</strong></span> <span class='ocrx_word' id='word_1_25' title='bbox 857 725 1019 799; x_wconf 84' lang='lat' dir='ltr'><strong>Virg.</strong></span> <span class='ocrx_word' id='word_1_26' title='bbox 1046 723 1195 778; x_wconf 85' lang='lat' dir='ltr'><strong>Aen.</strong></span> <span class='ocrx_word' id='word_1_27' title='bbox 1221 722 1260 786; x_wconf 84' lang='grc'><strong><em>6</em></strong></span> <span class='ocrx_word' id='word_1_28' title='bbox 1306 719 1442 783; x_wconf 78' lang='grc'><strong>154.</strong></span> <span class='ocrx_word' id='word_1_29' title='bbox 1524 731 1692 779; x_wconf 87' lang='lat' dir='ltr'><strong>notes</strong></span> <span class='ocrx_word' id='word_1_30' title='bbox 1739 733 1936 779; x_wconf 90' lang='lat' dir='ltr'><strong>autem</strong></span> <span class='ocrx_word' id='word_1_31' title='bbox 1976 721 2157 780; x_wconf 78' lang='lat' dir='ltr'><strong>velim</strong></span> <span class='ocrx_word' id='word_1_32' title='bbox 2196 723 2514 802; x_wconf 74' lang='lat' dir='ltr'><strong>corippum</strong></span> 
     </span>
     <span class='ocr_line' id='line_1_5' title="bbox 360 803 2515 885; baseline -0.001 -16"><span class='ocrx_word' id='word_1_33' title='bbox 360 821 548 869; x_wconf 86' lang='lat' dir='ltr'><strong>metas</strong></span> <span class='ocrx_word' id='word_1_34' title='bbox 573 808 768 867; x_wconf 81' lang='lat' dir='ltr'><strong>dicere</strong></span> <span class='ocrx_word' id='word_1_35' title='bbox 799 826 987 885; x_wconf 89' lang='lat' dir='ltr'><strong>aequo</strong></span> <span class='ocrx_word' id='word_1_36' title='bbox 1019 808 1172 863; x_wconf 86' lang='lat' dir='ltr'><strong>inter</strong></span> <span class='ocrx_word' id='word_1_37' title='bbox 1196 825 1258 863; x_wconf 85' lang='lat' dir='ltr'><strong>se</strong></span> <span class='ocrx_word' id='word_1_38' title='bbox 1291 803 1626 862; x_wconf 76' lang='lat' dir='ltr'><strong>discrimine</strong></span> <span class='ocrx_word' id='word_1_39' title='bbox 1658 806 1970 879; x_wconf 88' lang='lat' dir='ltr'><strong>distantes,</strong></span> <span class='ocrx_word' id='word_1_40' title='bbox 2026 811 2163 885; x_wconf 85' lang='lat' dir='ltr'><strong>quia</strong></span> <span class='ocrx_word' id='word_1_41' title='bbox 2192 807 2515 867; x_wconf 82' lang='lat' dir='ltr'><strong>secundum</strong></span> 
     </span>
     <span class='ocr_line' id='line_1_6' title="bbox 362 888 2517 976; baseline -0.001 -22"><span class='ocrx_word' id='word_1_42' title='bbox 362 894 653 976; x_wconf 89' lang='lat' dir='ltr'><strong>quasdam</strong></span> <span class='ocrx_word' id='word_1_43' title='bbox 682 890 1161 951; x_wconf 88' lang='lat' dir='ltr'><strong>architectonicas</strong></span> <span class='ocrx_word' id='word_1_44' title='bbox 1186 893 1439 949; x_wconf 78' lang='lat' dir='ltr'><strong>mtiones</strong></span> <span class='ocrx_word' id='word_1_45' title='bbox 1462 888 1615 948; x_wconf 89' lang='lat' dir='ltr'><strong>illud</strong></span> <span class='ocrx_word' id='word_1_46' title='bbox 1645 891 2039 964; x_wconf 74' lang='lat' dir='ltr'><strong>statuebatur,</strong></span> <span class='ocrx_word' id='word_1_47' title='bbox 2082 912 2159 950; x_wconf 93' lang='lat' dir='ltr'><strong>ne</strong></span> <span class='ocrx_word' id='word_1_48' title='bbox 2188 892 2517 959; x_wconf 85' lang='lat' dir='ltr'><strong>tumultuo-</strong></span> 
     </span>
     <span class='ocr_line' id='line_1_7' title="bbox 364 975 2518 1058; baseline -0.001 -21"><span class='ocrx_word' id='word_1_49' title='bbox 364 1000 464 1038; x_wconf 89' lang='lat' dir='ltr'><strong>sus</strong></span> <span class='ocrx_word' id='word_1_50' title='bbox 507 980 670 1036; x_wconf 86' lang='lat' dir='ltr'><strong>fieret</strong></span> <span class='ocrx_word' id='word_1_51' title='bbox 710 996 994 1058; x_wconf 89' lang='lat' dir='ltr'><strong>equorum</strong></span> <span class='ocrx_word' id='word_1_52' title='bbox 1036 994 1232 1033; x_wconf 86' lang='lat' dir='ltr'><strong>cursus</strong></span> <span class='ocrx_word' id='word_1_53' title='bbox 1261 978 1312 1033; x_wconf 88' lang='lat' dir='ltr'><strong>si</strong></span> <span class='ocrx_word' id='word_1_54' title='bbox 1336 975 1571 1033; x_wconf 78' lang='lat' dir='ltr'><strong>brevius</strong></span> <span class='ocrx_word' id='word_1_55' title='bbox 1613 975 1798 1050; x_wconf 87' lang='lat' dir='ltr'><strong>foret,</strong></span> <span class='ocrx_word' id='word_1_56' title='bbox 1844 986 1900 1032; x_wconf 91' lang='lat' dir='ltr'><strong>et</strong></span> <span class='ocrx_word' id='word_1_57' title='bbox 1934 978 1985 1033; x_wconf 90' lang='lat' dir='ltr'><strong>si</strong></span> <span class='ocrx_word' id='word_1_58' title='bbox 2020 976 2255 1055; x_wconf 87' lang='lat' dir='ltr'><strong>longius</strong></span> <span class='ocrx_word' id='word_1_59' title='bbox 2278 996 2354 1033; x_wconf 86' lang='lat' dir='ltr'><strong>ne</strong></span> <span class='ocrx_word' id='word_1_60' title='bbox 2379 980 2518 1057; x_wconf 88' lang='lat' dir='ltr'><strong>equi</strong></span> 
     </span>
     <span class='ocr_line' id='line_1_8' title="bbox 365 1060 2520 1139; baseline -0.001 -18"><span class='ocrx_word' id='word_1_61' title='bbox 365 1066 619 1121; x_wconf 88' lang='lat' dir='ltr'><strong>nimium</strong></span> <span class='ocrx_word' id='word_1_62' title='bbox 663 1060 1154 1139; x_wconf 83' lang='lat' dir='ltr'><strong>defatigarentur‚</strong></span> <span class='ocrx_word' id='word_1_63' title='bbox 1201 1069 1257 1116; x_wconf 88' lang='lat' dir='ltr'><strong>et</strong></span> <span class='ocrx_word' id='word_1_64' title='bbox 1296 1080 1371 1118; x_wconf 87' lang='lat' dir='ltr'><strong>ne</strong></span> <span class='ocrx_word' id='word_1_65' title='bbox 1416 1060 1615 1139; x_wconf 87' lang='lat' dir='ltr'><strong>aliqua</strong></span> <span class='ocrx_word' id='word_1_66' title='bbox 1644 1064 1718 1135; x_wconf 19' lang='lat' dir='ltr'><strong>,in</strong></span> <span class='ocrx_word' id='word_1_67' title='bbox 1760 1072 1924 1137; x_wconf 87' lang='lat' dir='ltr'><strong>parte</strong></span> <span class='ocrx_word' id='word_1_68' title='bbox 1969 1062 2120 1118; x_wconf 85' lang='lat' dir='ltr'><strong>Circi</strong></span> <span class='ocrx_word' id='word_1_69' title='bbox 2165 1071 2520 1139; x_wconf 75' lang='lat' dir='ltr'><strong>spectatores</strong></span> 
     </span>
     <span class='ocr_line' id='line_1_9' title="bbox 365 1143 2521 1228; baseline -0.001 -23"><span class='ocrx_word' id='word_1_70' title='bbox 365 1149 553 1206; x_wconf 87' lang='lat' dir='ltr'><strong>oculis</strong></span> <span class='ocrx_word' id='word_1_71' title='bbox 599 1150 767 1228; x_wconf 88' lang='lat' dir='ltr'><strong>sequi</strong></span> <span class='ocrx_word' id='word_1_72' title='bbox 805 1148 1114 1225; x_wconf 88' lang='lat' dir='ltr'><strong>nequirent</strong></span> <span class='ocrx_word' id='word_1_73' title='bbox 1157 1146 1419 1223; x_wconf 80' lang='lat' dir='ltr'><strong>aurigas,</strong></span> <span class='ocrx_word' id='word_1_74' title='bbox 1465 1146 1680 1224; x_wconf 86' lang='lat' dir='ltr'><strong>quibus</strong></span> <span class='ocrx_word' id='word_1_75' title='bbox 1725 1143 1920 1204; x_wconf 87' lang='lat' dir='ltr'><strong>studia</strong></span> <span class='ocrx_word' id='word_1_76' title='bbox 1946 1147 2009 1203; x_wconf 90' lang='lat' dir='ltr'><strong>in</strong></span> <span class='ocrx_word' id='word_1_77' title='bbox 2039 1149 2324 1205; x_wconf 85' lang='lat' dir='ltr'><strong>contraria</strong></span> <span class='ocrx_word' id='word_1_78' title='bbox 2354 1147 2521 1205; x_wconf 84' lang='lat' dir='ltr'><strong>scissi</strong></span> 
     </span>
     <span class='ocr_line' id='line_1_10' title="bbox 363 1233 935 1291; baseline -0.007 0"><span class='ocrx_word' id='word_1_79' title='bbox 363 1233 658 1291; x_wconf 80' lang='lat' dir='ltr'><strong>favebant.</strong></span> <span class='ocrx_word' id='word_1_80' title='bbox 743 1233 935 1288; x_wconf 77' lang='lat' dir='ltr'><strong>Foco.</strong></span> 
     </span>
    </p>

    <p class='ocr_par' dir='ltr' id='par_1_4' title="bbox 366 1313 2521 1734">
     <span class='ocr_line' id='line_1_11' title="bbox 533 1313 2518 1394; baseline -0.005 -13"><span class='ocrx_word' id='word_1_81' title='bbox 533 1316 674 1380; x_wconf 82' lang='grc'><strong>834.</strong></span> <span class='ocrx_word' id='word_1_82' title='bbox 757 1316 1039 1385; x_wconf 83' lang='lat' dir='ltr'><strong>libentius</strong></span> <span class='ocrx_word' id='word_1_83' title='bbox 1084 1315 1343 1394; x_wconf 68' lang='lat' dir='ltr'><strong>referunt</strong></span> <span class='ocrx_word' id='word_1_84' title='bbox 1384 1334 1563 1394; x_wconf 86' lang='lat' dir='ltr'><strong>quam</strong></span> <span class='ocrx_word' id='word_1_85' title='bbox 1604 1316 1857 1393; x_wconf 63' lang='lat' dir='ltr'><strong>reseram</strong></span> <span class='ocrx_word' id='word_1_86' title='bbox 1898 1317 1960 1372; x_wconf 88' lang='lat' dir='ltr'><strong>in</strong></span> <span class='ocrx_word' id='word_1_87' title='bbox 2004 1313 2119 1373; x_wconf 92' lang='lat' dir='ltr'><strong>hoc</strong></span> <span class='ocrx_word' id='word_1_88' title='bbox 2146 1334 2320 1374; x_wconf 76' lang='lat' dir='ltr'><strong>versu</strong></span> <span class='ocrx_word' id='word_1_89' title='bbox 2351 1316 2518 1392; x_wconf 88' lang='lat' dir='ltr'><strong>lege-</strong></span> 
     </span>
     <span class='ocr_line' id='line_1_12' title="bbox 366 1392 2520 1479; baseline -0.002 -20"><span class='ocrx_word' id='word_1_90' title='bbox 366 1392 511 1463; x_wconf 82' lang='lat' dir='ltr'><strong>rem.</strong></span> <span class='ocrx_word' id='word_1_91' title='bbox 597 1411 854 1458; x_wconf 84' lang='lat' dir='ltr'><strong>ceterum</strong></span> <span class='ocrx_word' id='word_1_92' title='bbox 898 1404 1124 1477; x_wconf 90' lang='lat' dir='ltr'><strong>primus</strong></span> <span class='ocrx_word' id='word_1_93' title='bbox 1168 1404 1438 1457; x_wconf 77' lang='lat' dir='ltr'><strong>inventor</strong></span> <span class='ocrx_word' id='word_1_94' title='bbox 1479 1398 1926 1479; x_wconf 86' lang='lat' dir='ltr'><strong>quadrigarum,</strong></span> <span class='ocrx_word' id='word_1_95' title='bbox 1973 1402 2137 1457; x_wconf 88' lang='lat' dir='ltr'><strong>cuius</strong></span> <span class='ocrx_word' id='word_1_96' title='bbox 2164 1420 2379 1457; x_wconf 87' lang='lat' dir='ltr'><strong>nomen</strong></span> <span class='ocrx_word' id='word_1_97' title='bbox 2412 1398 2520 1455; x_wconf 88' lang='lat' dir='ltr'><strong>de-</strong></span> 
     </span>
     <span class='ocr_line' id='line_1_13' title="bbox 368 1483 2518 1560; baseline -0.002 -15"><span class='ocrx_word' id='word_1_98' title='bbox 368 1499 483 1560; x_wconf 87' lang='lat' dir='ltr'><strong>est,</strong></span> <span class='ocrx_word' id='word_1_99' title='bbox 526 1486 793 1543; x_wconf 82' lang='lat' dir='ltr'><strong>Ciceroni</strong></span> <span class='ocrx_word' id='word_1_100' title='bbox 822 1485 927 1541; x_wconf 88' lang='lat' dir='ltr'><strong>lib.</strong></span> <span class='ocrx_word' id='word_1_101' title='bbox 955 1492 992 1550; x_wconf 86' lang='lat'><strong>3</strong></span> <span class='ocrx_word' id='word_1_102' title='bbox 1025 1484 1097 1543; x_wconf 92' lang='lat' dir='ltr'><strong>de</strong></span> <span class='ocrx_word' id='word_1_103' title='bbox 1124 1496 1331 1542; x_wconf 88' lang='lat' dir='ltr'><strong>natura</strong></span> <span class='ocrx_word' id='word_1_104' title='bbox 1355 1484 1600 1542; x_wconf 87' lang='lat' dir='ltr'><strong>deorum</strong></span> <span class='ocrx_word' id='word_1_105' title='bbox 1628 1487 1891 1542; x_wconf 81' lang='lat' dir='ltr'><strong>Minerva</strong></span> <span class='ocrx_word' id='word_1_106' title='bbox 1917 1483 2152 1542; x_wconf 79' lang='lat' dir='ltr'><strong>videtur</strong></span> <span class='ocrx_word' id='word_1_107' title='bbox 2178 1505 2305 1543; x_wconf 88' lang='lat' dir='ltr'><strong>esse</strong></span> <span class='ocrx_word' id='word_1_108' title='bbox 2322 1529 2339 1558; x_wconf 93' lang='lat'><strong>,</strong></span> <span class='ocrx_word' id='word_1_109' title='bbox 2383 1486 2518 1543; x_wconf 86' lang='lat' dir='ltr'><strong>Vir-</strong></span> 
     </span>
     <span class='ocr_line' id='line_1_14' title="bbox 368 1566 2519 1649; baseline 0 -21"><span class='ocrx_word' id='word_1_110' title='bbox 368 1573 509 1649; x_wconf 84' lang='lat' dir='ltr'><strong>gilio</strong></span> <span class='ocrx_word' id='word_1_111' title='bbox 540 1573 579 1634; x_wconf 83' lang='grc'><strong>3</strong></span> <span class='ocrx_word' id='word_1_112' title='bbox 609 1572 843 1648; x_wconf 88' lang='lat' dir='ltr'><strong>Georg.‚</strong></span> <span class='ocrx_word' id='word_1_113' title='bbox 885 1589 1117 1629; x_wconf 85' lang='lat' dir='ltr'><strong>necnon</strong></span> <span class='ocrx_word' id='word_1_114' title='bbox 1144 1581 1201 1627; x_wconf 90' lang='lat' dir='ltr'><strong>et</strong></span> <span class='ocrx_word' id='word_1_115' title='bbox 1221 1571 1433 1642; x_wconf 88' lang='lat' dir='ltr'><strong>Plinio,</strong></span> <span class='ocrx_word' id='word_1_116' title='bbox 1475 1567 1913 1644; x_wconf 78' lang='lat' dir='ltr'><strong>Erichthonius,</strong></span> <span class='ocrx_word' id='word_1_117' title='bbox 1956 1569 2212 1627; x_wconf 87' lang='lat' dir='ltr'><strong>Eusebio</strong></span> <span class='ocrx_word' id='word_1_118' title='bbox 2240 1572 2304 1625; x_wconf 89' lang='lat' dir='ltr'><strong>in</strong></span> <span class='ocrx_word' id='word_1_119' title='bbox 2330 1566 2519 1628; x_wconf 85' lang='lat' dir='ltr'><strong>Chro-</strong></span> 
     </span>
     <span class='ocr_line' id='line_1_15' title="bbox 368 1653 2521 1734; baseline -0.001 -22"><span class='ocrx_word' id='word_1_120' title='bbox 368 1658 500 1712; x_wconf 87' lang='lat' dir='ltr'><strong>nico</strong></span> <span class='ocrx_word' id='word_1_121' title='bbox 527 1655 800 1732; x_wconf 86' lang='lat' dir='ltr'><strong>Arogilus</strong></span> <span class='ocrx_word' id='word_1_122' title='bbox 828 1665 928 1711; x_wconf 89' lang='lat' dir='ltr'><strong>aut</strong></span> <span class='ocrx_word' id='word_1_123' title='bbox 954 1657 1296 1734; x_wconf 85' lang='lat' dir='ltr'><strong>Proclytus:</strong></span> <span class='ocrx_word' id='word_1_124' title='bbox 1334 1673 1475 1711; x_wconf 90' lang='lat' dir='ltr'><strong>nam</strong></span> <span class='ocrx_word' id='word_1_125' title='bbox 1497 1665 1748 1734; x_wconf 89' lang='lat' dir='ltr'><strong>utroque</strong></span> <span class='ocrx_word' id='word_1_126' title='bbox 1774 1653 1952 1711; x_wconf 87' lang='lat' dir='ltr'><strong>modo</strong></span> <span class='ocrx_word' id='word_1_127' title='bbox 1981 1654 2198 1730; x_wconf 83' lang='lat' dir='ltr'><strong>legitur</strong></span> <span class='ocrx_word' id='word_1_128' title='bbox 2221 1656 2282 1709; x_wconf 90' lang='lat' dir='ltr'><strong>in</strong></span> <span class='ocrx_word' id='word_1_129' title='bbox 2312 1673 2521 1711; x_wconf 85' lang='lat' dir='ltr'><strong>exem-</strong></span> 
     </span>
    </p>
   </div>
   <div class='ocr_carea' id='block_1_3' title="bbox 271 1737 2523 1818">
    <p class='ocr_par' dir='ltr' id='par_1_5' title="bbox 271 1737 2523 1818">
     <span class='ocr_line' id='line_1_16' title="bbox 271 1737 2523 1818; baseline -0.002 -19"><span class='ocrx_word' id='word_1_130' title='bbox 271 1792 278 1799; x_wconf 93' lang='lat'>.</span> <span class='ocrx_word' id='word_1_131' title='bbox 369 1738 632 1818; x_wconf 88' lang='lat' dir='ltr'><strong>plaribus</strong></span> <span class='ocrx_word' id='word_1_132' title='bbox 662 1759 755 1796; x_wconf 90' lang='lat' dir='ltr'><strong>ms</strong></span> <span class='ocrx_word' id='word_1_133' title='bbox 775 1785 790 1813; x_wconf 91' lang='lat'><strong>,</strong></span> <span class='ocrx_word' id='word_1_134' title='bbox 835 1748 899 1796; x_wconf 90' lang='lat' dir='ltr'><strong>ut</strong></span> <span class='ocrx_word' id='word_1_135' title='bbox 929 1743 990 1798; x_wconf 89' lang='lat' dir='ltr'><strong>in</strong></span> <span class='ocrx_word' id='word_1_136' title='bbox 1021 1742 1152 1797; x_wconf 89' lang='lat' dir='ltr'><strong>aliis</strong></span> <span class='ocrx_word' id='word_1_137' title='bbox 1181 1737 1390 1797; x_wconf 78' lang='lat' dir='ltr'><strong>Isidori</strong></span> <span class='ocrx_word' id='word_1_138' title='bbox 1423 1741 1602 1796; x_wconf 85' lang='lat' dir='ltr'><strong>etiam</strong></span> <span class='ocrx_word' id='word_1_139' title='bbox 1636 1738 1909 1797; x_wconf 80' lang='lat' dir='ltr'><strong>chronici</strong></span> <span class='ocrx_word' id='word_1_140' title='bbox 1934 1739 2251 1816; x_wconf 84' lang='lat' dir='ltr'><strong>Procyclus</strong></span> <span class='ocrx_word' id='word_1_141' title='bbox 2285 1748 2342 1795; x_wconf 91' lang='lat' dir='ltr'><strong>et</strong></span> <span class='ocrx_word' id='word_1_142' title='bbox 2371 1740 2523 1795; x_wconf 88' lang='lat' dir='ltr'><strong>Pro-</strong></span> 
     </span>
    </p>
   </div>
   <div class='ocr_carea' id='block_1_4' title="bbox 369 1822 2595 4451">
    <p class='ocr_par' dir='ltr' id='par_1_6' title="bbox 373 1822 2528 2053">
     <span class='ocr_line' id='line_1_17' title="bbox 373 1822 2524 1903; baseline -0.001 -22"><span class='ocrx_word' id='word_1_143' title='bbox 373 1825 581 1883; x_wconf 88' lang='lat' dir='ltr'><strong>ciolus.</strong></span> <span class='ocrx_word' id='word_1_144' title='bbox 666 1826 809 1903; x_wconf 89' lang='lat' dir='ltr'><strong>quin</strong></span> <span class='ocrx_word' id='word_1_145' title='bbox 849 1833 906 1880; x_wconf 90' lang='lat' dir='ltr'><strong>et</strong></span> <span class='ocrx_word' id='word_1_146' title='bbox 945 1827 1214 1883; x_wconf 81' lang='lat' dir='ltr'><strong>Ravisius</strong></span> <span class='ocrx_word' id='word_1_147' title='bbox 1254 1825 1486 1882; x_wconf 82' lang='lat' dir='ltr'><strong>Textor</strong></span> <span class='ocrx_word' id='word_1_148' title='bbox 1512 1827 1573 1880; x_wconf 90' lang='lat' dir='ltr'><strong>in</strong></span> <span class='ocrx_word' id='word_1_149' title='bbox 1602 1824 1849 1883; x_wconf 83' lang='lat' dir='ltr'><strong>Officina</strong></span> <span class='ocrx_word' id='word_1_150' title='bbox 1878 1842 1982 1881; x_wconf 92' lang='lat' dir='ltr'><strong>sua</strong></span> <span class='ocrx_word' id='word_1_151' title='bbox 2012 1824 2347 1900; x_wconf 88' lang='lat' dir='ltr'><strong>Tregillum</strong></span> <span class='ocrx_word' id='word_1_152' title='bbox 2381 1822 2524 1879; x_wconf 87' lang='lat' dir='ltr'><strong>facit</strong></span> 
     </span>
     <span class='ocr_line' id='line_1_18' title="bbox 374 1907 2528 1989; baseline -0.001 -23"><span class='ocrx_word' id='word_1_153' title='bbox 374 1918 432 1966; x_wconf 91' lang='lat' dir='ltr'><strong>et</strong></span> <span class='ocrx_word' id='word_1_154' title='bbox 455 1910 740 1966; x_wconf 89' lang='lat' dir='ltr'><strong>nominat.</strong></span> <span class='ocrx_word' id='word_1_155' title='bbox 814 1919 972 1967; x_wconf 88' lang='lat' dir='ltr'><strong>tanta</strong></span> <span class='ocrx_word' id='word_1_156' title='bbox 1004 1912 1206 1989; x_wconf 89' lang='lat' dir='ltr'><strong>utique</strong></span> <span class='ocrx_word' id='word_1_157' title='bbox 1242 1920 1330 1967; x_wconf 86' lang='lat' dir='ltr'><strong>est</strong></span> <span class='ocrx_word' id='word_1_158' title='bbox 1356 1910 1533 1967; x_wconf 87' lang='lat' dir='ltr'><strong>unius</strong></span> <span class='ocrx_word' id='word_1_159' title='bbox 1566 1911 1825 1966; x_wconf 88' lang='lat' dir='ltr'><strong>nominis</strong></span> <span class='ocrx_word' id='word_1_160' title='bbox 1858 1909 2108 1964; x_wconf 78' lang='lat' dir='ltr'><strong>varietas</strong></span> <span class='ocrx_word' id='word_1_161' title='bbox 2141 1907 2213 1965; x_wconf 92' lang='lat' dir='ltr'><strong>ob</strong></span> <span class='ocrx_word' id='word_1_162' title='bbox 2246 1910 2528 1984; x_wconf 84' lang='lat' dir='ltr'><strong>ignoran-</strong></span> 
     </span>
     <span class='ocr_line' id='line_1_19' title="bbox 374 1993 1759 2053; baseline -0.001 -2"><span class='ocrx_word' id='word_1_163' title='bbox 374 1996 519 2051; x_wconf 88' lang='lat' dir='ltr'><strong>tiam</strong></span> <span class='ocrx_word' id='word_1_164' title='bbox 545 1993 1069 2053; x_wconf 81' lang='lat' dir='ltr'><strong>somnolentiamve</strong></span> <span class='ocrx_word' id='word_1_165' title='bbox 1097 1996 1491 2052; x_wconf 88' lang='lat' dir='ltr'><strong>librariorum.</strong></span> <span class='ocrx_word' id='word_1_166' title='bbox 1575 1996 1759 2052; x_wconf 83' lang='lat' dir='ltr'><strong>Rmz.</strong></span> 
     </span>
    </p>

    <p class='ocr_par' dir='ltr' id='par_1_7' title="bbox 369 2068 2549 3830">
     <span class='ocr_line' id='line_1_20' title="bbox 537 2068 2530 2159; baseline -0.001 -24"><span class='ocrx_word' id='word_1_167' title='bbox 537 2077 616 2135; x_wconf 86' lang='lat' dir='ltr'><strong>ib.</strong></span> <span class='ocrx_word' id='word_1_168' title='bbox 705 2078 991 2159; x_wconf 70' lang='lat' dir='ltr'><strong>reseram]</strong></span> <span class='ocrx_word' id='word_1_169' title='bbox 1049 2068 1259 2137; x_wconf 84' lang='lat' dir='ltr'><strong>lacuna</strong></span> <span class='ocrx_word' id='word_1_170' title='bbox 1304 2077 1402 2136; x_wconf 90' lang='lat' dir='ltr'><strong>hic</strong></span> <span class='ocrx_word' id='word_1_171' title='bbox 1446 2089 1570 2135; x_wconf 87' lang='lat' dir='ltr'><strong>erat</strong></span> <span class='ocrx_word' id='word_1_172' title='bbox 1612 2078 1903 2136; x_wconf 72' lang='lat' dir='ltr'><strong>asteriscis</strong></span> <span class='ocrx_word' id='word_1_173' title='bbox 1941 2087 2159 2136; x_wconf 87' lang='lat' dir='ltr'><strong>notata.</strong></span> <span class='ocrx_word' id='word_1_174' title='bbox 2261 2078 2530 2155; x_wconf 76' lang='lat' dir='ltr'><strong>supplevi</strong></span> 
     </span>
     <span class='ocr_line' id='line_1_21' title="bbox 372 2163 2534 2243; baseline -0.001 -22"><span class='ocrx_word' id='word_1_175' title='bbox 372 2165 490 2221; x_wconf 87' lang='lat' dir='ltr'><strong>sic:</strong></span> <span class='ocrx_word' id='word_1_176' title='bbox 543 2164 911 2242; x_wconf 85' lang='lat' dir='ltr'><strong>Cecropidem</strong></span> <span class='ocrx_word' id='word_1_177' title='bbox 937 2164 1210 2243; x_wconf 64' lang='lat' dir='ltr'><strong>reseram.</strong></span> <span class='ocrx_word' id='word_1_178' title='bbox 1281 2167 1426 2222; x_wconf 90' lang='lat' dir='ltr'><strong>ratio</strong></span> <span class='ocrx_word' id='word_1_179' title='bbox 1457 2165 1769 2222; x_wconf 83' lang='lat' dir='ltr'><strong>manifesta</strong></span> <span class='ocrx_word' id='word_1_180' title='bbox 1796 2173 1918 2221; x_wconf 83' lang='lat' dir='ltr'><strong>est:</strong></span> <span class='ocrx_word' id='word_1_181' title='bbox 1961 2182 2102 2219; x_wconf 91' lang='lat' dir='ltr'><strong>nam</strong></span> <span class='ocrx_word' id='word_1_182' title='bbox 2134 2163 2383 2239; x_wconf 85' lang='lat' dir='ltr'><strong>Cecrops</strong></span> <span class='ocrx_word' id='word_1_183' title='bbox 2406 2164 2534 2239; x_wconf 89' lang='lat' dir='ltr'><strong>pri-</strong></span> 
     </span>
     <span class='ocr_line' id='line_1_22' title="bbox 369 2243 2534 2326; baseline -0.002 -20"><span class='ocrx_word' id='word_1_184' title='bbox 369 2268 503 2306; x_wconf 88' lang='lat' dir='ltr'><strong>mus</strong></span> <span class='ocrx_word' id='word_1_185' title='bbox 549 2247 1002 2308; x_wconf 86' lang='lat' dir='ltr'><strong>Atheniensium</strong></span> <span class='ocrx_word' id='word_1_186' title='bbox 1051 2268 1192 2323; x_wconf 87' lang='lat' dir='ltr'><strong>rex,</strong></span> <span class='ocrx_word' id='word_1_187' title='bbox 1239 2252 1333 2306; x_wconf 88' lang='lat' dir='ltr'><strong>cui</strong></span> <span class='ocrx_word' id='word_1_188' title='bbox 1375 2251 1634 2307; x_wconf 88' lang='lat' dir='ltr'><strong>Cranaus</strong></span> <span class='ocrx_word' id='word_1_189' title='bbox 1683 2250 1991 2321; x_wconf 83' lang='lat' dir='ltr'><strong>successit,</strong></span> <span class='ocrx_word' id='word_1_190' title='bbox 2037 2249 2141 2326; x_wconf 84' lang='lat' dir='ltr'><strong>qui</strong></span> <span class='ocrx_word' id='word_1_191' title='bbox 2174 2247 2247 2303; x_wconf 91' lang='lat' dir='ltr'><strong>ab</strong></span> <span class='ocrx_word' id='word_1_192' title='bbox 2277 2243 2534 2323; x_wconf 81' lang='lat' dir='ltr'><strong>Amphi-</strong></span> 
     </span>
     <span class='ocr_line' id='line_1_23' title="bbox 374 2327 2535 2413; baseline 0 -25"><span class='ocrx_word' id='word_1_193' title='bbox 374 2343 584 2409; x_wconf 81' lang='lat' dir='ltr'><strong>ctyone</strong></span> <span class='ocrx_word' id='word_1_194' title='bbox 636 2352 818 2410; x_wconf 87' lang='lat' dir='ltr'><strong>regno</strong></span> <span class='ocrx_word' id='word_1_195' title='bbox 875 2336 938 2391; x_wconf 78' lang='lat' dir='ltr'><strong>vi</strong></span> <span class='ocrx_word' id='word_1_196' title='bbox 989 2334 1311 2411; x_wconf 84' lang='lat' dir='ltr'><strong>expulsus3</strong></span> <span class='ocrx_word' id='word_1_197' title='bbox 1387 2345 1628 2413; x_wconf 88' lang='lat' dir='ltr'><strong>quartus</strong></span> <span class='ocrx_word' id='word_1_198' title='bbox 1678 2331 1891 2391; x_wconf 86' lang='lat' dir='ltr'><strong>deinde</strong></span> <span class='ocrx_word' id='word_1_199' title='bbox 1943 2350 2052 2389; x_wconf 83' lang='lat' dir='ltr'><strong>rex</strong></span> <span class='ocrx_word' id='word_1_200' title='bbox 2094 2327 2535 2389; x_wconf 88' lang='lat' dir='ltr'><strong>Erichthonius.</strong></span> 
     </span>
     <span class='ocr_line' id='line_1_24' title="bbox 372 2415 2537 2497; baseline -0.001 -23"><span class='ocrx_word' id='word_1_201' title='bbox 372 2419 626 2474; x_wconf 88' lang='lat' dir='ltr'><strong>Pausan.</strong></span> <span class='ocrx_word' id='word_1_202' title='bbox 666 2419 845 2473; x_wconf 84' lang='lat' dir='ltr'><strong>Attio.</strong></span> <span class='ocrx_word' id='word_1_203' title='bbox 930 2415 1029 2474; x_wconf 89' lang='lat' dir='ltr'><strong>hic</strong></span> <span class='ocrx_word' id='word_1_204' title='bbox 1068 2419 1329 2475; x_wconf 83' lang='lat' dir='ltr'><strong>Vulcano</strong></span> <span class='ocrx_word' id='word_1_205' title='bbox 1374 2428 1432 2474; x_wconf 89' lang='lat' dir='ltr'><strong>et</strong></span> <span class='ocrx_word' id='word_1_206' title='bbox 1469 2419 1736 2476; x_wconf 80' lang='lat' dir='ltr'><strong>Minerva</strong></span> <span class='ocrx_word' id='word_1_207' title='bbox 1776 2419 2045 2497; x_wconf 84' lang='lat' dir='ltr'><strong>genitus,</strong></span> <span class='ocrx_word' id='word_1_208' title='bbox 2090 2435 2197 2474; x_wconf 87' lang='lat' dir='ltr'><strong>seu</strong></span> <span class='ocrx_word' id='word_1_209' title='bbox 2238 2417 2434 2472; x_wconf 82' lang='lat' dir='ltr'><strong>verius</strong></span> <span class='ocrx_word' id='word_1_210' title='bbox 2470 2418 2537 2472; x_wconf 84' lang='lat' dir='ltr'><strong>in</strong></span> 
     </span>
     <span class='ocr_line' id='line_1_25' title="bbox 372 2494 2537 2581; baseline 0 -24"><span class='ocrx_word' id='word_1_211' title='bbox 372 2494 805 2559; x_wconf 71' lang='lat' dir='ltr'><strong>terram‘effilso</strong></span> <span class='ocrx_word' id='word_1_212' title='bbox 836 2520 869 2559; x_wconf 88' lang='lat' dir='ltr'><strong>a</strong></span> <span class='ocrx_word' id='word_1_213' title='bbox 897 2503 1160 2561; x_wconf 80' lang='lat' dir='ltr'><strong>Vulcano</strong></span> <span class='ocrx_word' id='word_1_214' title='bbox 1190 2504 1435 2560; x_wconf 88' lang='lat' dir='ltr'><strong>semine.</strong></span> <span class='ocrx_word' id='word_1_215' title='bbox 1499 2502 1814 2581; x_wconf 87' lang='lat' dir='ltr'><strong>Euripides</strong></span> <span class='ocrx_word' id='word_1_216' title='bbox 1845 2506 2006 2563; x_wconf 86' lang='lat' dir='ltr'><strong>Ione.</strong></span> <span class='ocrx_word' id='word_1_217' title='bbox 2071 2501 2332 2558; x_wconf 87' lang='lat' dir='ltr'><strong>Iulianus</strong></span> <span class='ocrx_word' id='word_1_218' title='bbox 2369 2502 2537 2577; x_wconf 85' lang='lat' dir='ltr'><strong>prin-</strong></span> 
     </span>
     <span class='ocr_line' id='line_1_26' title="bbox 376 2578 2536 2668; baseline -0.003 -19"><span class='ocrx_word' id='word_1_219' title='bbox 376 2604 546 2664; x_wconf 74' lang='lat' dir='ltr'><strong>ceps:</strong></span> <span class='ocrx_word' id='word_1_220' title='bbox 592 2578 784 2666; x_wconf 60' lang='grc' dir='ltr'><em>μήτηρ</em></span> <span class='ocrx_word' id='word_1_221' title='bbox 821 2580 1007 2665; x_wconf 80' lang='grc' dir='ltr'><strong><em>νόσφι</em></strong></span> <span class='ocrx_word' id='word_1_222' title='bbox 1045 2580 1265 2663; x_wconf 81' lang='grc' dir='ltr'><strong><em>τόκων,</em></strong></span> <span class='ocrx_word' id='word_1_223' title='bbox 1307 2582 1518 2667; x_wconf 73' lang='grc' dir='ltr'><strong><em>νύμφη</em></strong></span> <span class='ocrx_word' id='word_1_224' title='bbox 1546 2582 1733 2666; x_wconf 80' lang='grc' dir='ltr'><strong><em>νόσφι</em></strong></span> <span class='ocrx_word' id='word_1_225' title='bbox 1756 2588 1983 2668; x_wconf 69' lang='grc' dir='ltr'><strong><em>γάμων.</em></strong></span> <span class='ocrx_word' id='word_1_226' title='bbox 2070 2584 2348 2644; x_wconf 82' lang='lat' dir='ltr'><strong>educatus</strong></span> <span class='ocrx_word' id='word_1_227' title='bbox 2383 2586 2536 2643; x_wconf 89' lang='lat' dir='ltr'><strong>clam</strong></span> 
     </span>
     <span class='ocr_line' id='line_1_27' title="bbox 375 2671 2538 2751; baseline 0 -23"><span class='ocrx_word' id='word_1_228' title='bbox 375 2692 410 2728; x_wconf 90' lang='lat' dir='ltr'><strong>a</strong></span> <span class='ocrx_word' id='word_1_229' title='bbox 447 2673 712 2728; x_wconf 81' lang='lat' dir='ltr'><strong>Minerva</strong></span> <span class='ocrx_word' id='word_1_230' title='bbox 751 2675 814 2727; x_wconf 86' lang='lat' dir='ltr'><strong>in</strong></span> <span class='ocrx_word' id='word_1_231' title='bbox 856 2676 999 2730; x_wconf 89' lang='lat' dir='ltr'><strong>cista</strong></span> <span class='ocrx_word' id='word_1_232' title='bbox 1042 2671 1225 2751; x_wconf 87' lang='lat' dir='ltr'><strong>pedes</strong></span> <span class='ocrx_word' id='word_1_233' title='bbox 1262 2671 1471 2730; x_wconf 87' lang='lat' dir='ltr'><strong>habuit</strong></span> <span class='ocrx_word' id='word_1_234' title='bbox 1507 2676 1904 2751; x_wconf 87' lang='lat' dir='ltr'><strong>serpentinos,</strong></span> <span class='ocrx_word' id='word_1_235' title='bbox 1951 2682 2014 2729; x_wconf 90' lang='lat' dir='ltr'><strong>ut</strong></span> <span class='ocrx_word' id='word_1_236' title='bbox 2041 2673 2238 2730; x_wconf 87' lang='lat' dir='ltr'><strong>retulit</strong></span> <span class='ocrx_word' id='word_1_237' title='bbox 2263 2672 2538 2750; x_wconf 80' lang='lat' dir='ltr'><strong>Hyginus</strong></span> 
     </span>
     <span class='ocr_line' id='line_1_28' title="bbox 375 2755 2538 2835; baseline -0 -22"><span class='ocrx_word' id='word_1_238' title='bbox 375 2759 613 2813; x_wconf 84' lang='lat' dir='ltr'><strong>Astron.</strong></span> <span class='ocrx_word' id='word_1_239' title='bbox 639 2761 799 2834; x_wconf 81' lang='lat' dir='ltr'><strong>po‘e‘t.</strong></span> <span class='ocrx_word' id='word_1_240' title='bbox 826 2758 891 2812; x_wconf 90' lang='lat' dir='ltr'><strong>in</strong></span> <span class='ocrx_word' id='word_1_241' title='bbox 919 2757 1193 2835; x_wconf 61' lang='lat' dir='ltr'><strong>Auriga,-</strong></span> <span class='ocrx_word' id='word_1_242' title='bbox 1236 2768 1303 2814; x_wconf 89' lang='lat' dir='ltr'><strong>ut</strong></span> <span class='ocrx_word' id='word_1_243' title='bbox 1337 2776 1459 2815; x_wconf 89' lang='lat' dir='ltr'><strong>nou</strong></span> <span class='ocrx_word' id='word_1_244' title='bbox 1505 2768 1710 2835; x_wconf 88' lang='lat' dir='ltr'><strong>putem</strong></span> <span class='ocrx_word' id='word_1_245' title='bbox 1751 2761 1907 2816; x_wconf 88' lang='lat' dir='ltr'><strong>male</strong></span> <span class='ocrx_word' id='word_1_246' title='bbox 1938 2759 2061 2834; x_wconf 87' lang='lat' dir='ltr'><strong>legi</strong></span> <span class='ocrx_word' id='word_1_247' title='bbox 2092 2755 2191 2814; x_wconf 82' lang='lat' dir='ltr'><strong>hic</strong></span> <span class='ocrx_word' id='word_1_248' title='bbox 2215 2774 2389 2835; x_wconf 88' lang='lat' dir='ltr'><strong>posse</strong></span> <span class='ocrx_word' id='word_1_249' title='bbox 2420 2776 2538 2813; x_wconf 85' lang='lat' dir='ltr'><strong>an-</strong></span> 
     </span>
     <span class='ocr_line' id='line_1_29' title="bbox 370 2840 2535 2920; baseline 0 -24"><span class='ocrx_word' id='word_1_250' title='bbox 370 2840 690 2919; x_wconf 63' lang='lat' dir='ltr'><strong>gmpedem</strong></span> <span class='ocrx_word' id='word_1_251' title='bbox 719 2841 1000 2918; x_wconf 67' lang='lat' dir='ltr'><strong>referam,</strong></span> <span class='ocrx_word' id='word_1_252' title='bbox 1042 2852 1109 2898; x_wconf 91' lang='lat' dir='ltr'><strong>ut</strong></span> <span class='ocrx_word' id='word_1_253' title='bbox 1141 2843 1331 2919; x_wconf 88' lang='lat' dir='ltr'><strong>prima</strong></span> <span class='ocrx_word' id='word_1_254' title='bbox 1356 2843 1531 2900; x_wconf 90' lang='lat' dir='ltr'><strong>lectio</strong></span> <span class='ocrx_word' id='word_1_255' title='bbox 1555 2843 1754 2920; x_wconf 87' lang='lat' dir='ltr'><strong>legem</strong></span> <span class='ocrx_word' id='word_1_256' title='bbox 1781 2844 1962 2901; x_wconf 83' lang='lat' dir='ltr'><strong>fuisse</strong></span> <span class='ocrx_word' id='word_1_257' title='bbox 1991 2842 2307 2920; x_wconf 86' lang='lat' dir='ltr'><strong>significet,</strong></span> <span class='ocrx_word' id='word_1_258' title='bbox 2352 2842 2535 2898; x_wconf 88' lang='lat' dir='ltr'><strong>altera</strong></span> 
     </span>
     <span class='ocr_line' id='line_1_30' title="bbox 377 2923 2539 3006; baseline 0 -23"><span class='ocrx_word' id='word_1_259' title='bbox 377 2923 739 2983; x_wconf 83' lang='lat' dir='ltr'><strong>educationis</strong></span> <span class='ocrx_word' id='word_1_260' title='bbox 776 2924 1108 2988; x_wconf 89' lang='lat' dir='ltr'><strong>admoneat.</strong></span> <span class='ocrx_word' id='word_1_261' title='bbox 1192 2928 1296 2985; x_wconf 85' lang='lat' dir='ltr'><strong>ille</strong></span> <span class='ocrx_word' id='word_1_262' title='bbox 1334 2946 1473 2985; x_wconf 81' lang='lat' dir='ltr'><strong>vero</strong></span> <span class='ocrx_word' id='word_1_263' title='bbox 1512 2927 1600 2984; x_wconf 80' lang='lat' dir='ltr'><strong>ad</strong></span> <span class='ocrx_word' id='word_1_264' title='bbox 1622 2928 1850 3005; x_wconf 81' lang='lat' dir='ltr'><strong>pedum</strong></span> <span class='ocrx_word' id='word_1_265' title='bbox 1877 2928 2304 3006; x_wconf 67' lang='lat' dir='ltr'><strong>deformitatem</strong></span> <span class='ocrx_word' id='word_1_266' title='bbox 2329 2925 2539 2984; x_wconf 69' lang='lat' dir='ltr'><strong>velan-</strong></span> 
     </span>
     <span class='ocr_line' id='line_1_31' title="bbox 376 3009 2536 3090; baseline 0.001 -22"><span class='ocrx_word' id='word_1_267' title='bbox 376 3009 520 3068; x_wconf 81' lang='lat' dir='ltr'><strong>dam</strong></span> <span class='ocrx_word' id='word_1_268' title='bbox 550 3012 789 3088; x_wconf 74' lang='lat' dir='ltr'><strong>primus</strong></span> <span class='ocrx_word' id='word_1_269' title='bbox 819 3011 1179 3090; x_wconf 78' lang='lat' dir='ltr'><strong>quadrigam</strong></span> <span class='ocrx_word' id='word_1_270' title='bbox 1216 3014 1459 3069; x_wconf 72' lang='lat' dir='ltr'><strong>invenit.</strong></span> <span class='ocrx_word' id='word_1_271' title='bbox 1547 3014 1706 3071; x_wconf 90' lang='lat' dir='ltr'><strong>Plin.</strong></span> <span class='ocrx_word' id='word_1_272' title='bbox 1747 3018 1789 3078; x_wconf 88' lang='grc'><strong>7</strong></span> <span class='ocrx_word' id='word_1_273' title='bbox 1832 3013 1912 3077; x_wconf 88' lang='grc'><strong>56</strong></span> <span class='ocrx_word' id='word_1_274' title='bbox 1931 3058 1947 3088; x_wconf 89' lang='grc'><strong><em>,</em></strong></span> <span class='ocrx_word' id='word_1_275' title='bbox 2000 3024 2059 3071; x_wconf 86' lang='lat' dir='ltr'><strong>et</strong></span> <span class='ocrx_word' id='word_1_276' title='bbox 2097 3031 2176 3071; x_wconf 84' lang='lat' dir='ltr'><strong>ex</strong></span> <span class='ocrx_word' id='word_1_277' title='bbox 2215 3032 2284 3071; x_wconf 89' lang='lat' dir='ltr'><strong>eo</strong></span> <span class='ocrx_word' id='word_1_278' title='bbox 2326 3010 2536 3070; x_wconf 75' lang='lat' dir='ltr'><strong>Isidor-</strong></span> 
     </span>
     <span class='ocr_line' id='line_1_32' title="bbox 379 3096 2541 3175; baseline -0.002 -17"><span class='ocrx_word' id='word_1_279' title='bbox 379 3097 458 3158; x_wconf 83' lang='lat'><strong>18</strong></span> <span class='ocrx_word' id='word_1_280' title='bbox 501 3096 602 3170; x_wconf 79' lang='lat'><strong>34,</strong></span> <span class='ocrx_word' id='word_1_281' title='bbox 644 3096 853 3173; x_wconf 78' lang='lat' dir='ltr'><strong>virgil.</strong></span> <span class='ocrx_word' id='word_1_282' title='bbox 882 3097 1096 3174; x_wconf 85' lang='lat' dir='ltr'><strong>Georg.</strong></span> <span class='ocrx_word' id='word_1_283' title='bbox 1128 3101 1202 3161; x_wconf 78' lang='lat'><strong>3:</strong></span> <span class='ocrx_word' id='word_1_284' title='bbox 1239 3100 1473 3175; x_wconf 76' lang='lat' dir='ltr'><strong>primm</strong></span> <span class='ocrx_word' id='word_1_285' title='bbox 1498 3097 1925 3156; x_wconf 71' lang='grc' dir='ltr'><strong>ΕνίοΙιιΙιοηίιω</strong></span> <span class='ocrx_word' id='word_1_286' title='bbox 1950 3119 2160 3156; x_wconf 67' lang='lat' dir='ltr'><strong>cumas</strong></span> <span class='ocrx_word' id='word_1_287' title='bbox 2184 3109 2241 3153; x_wconf 80' lang='lat' dir='ltr'><strong>et</strong></span> <span class='ocrx_word' id='word_1_288' title='bbox 2263 3107 2541 3175; x_wconf 77' lang='lat' dir='ltr'><strong>quattuor</strong></span> 
     </span>
     <span class='ocr_line' id='line_1_33' title="bbox 377 3181 2537 3262; baseline 0.001 -27"><span class='ocrx_word' id='word_1_289' title='bbox 377 3198 561 3236; x_wconf 76' lang='lat' dir='ltr'><strong>ausus</strong></span> <span class='ocrx_word' id='word_1_290' title='bbox 605 3181 848 3259; x_wconf 82' lang='lat' dir='ltr'><strong>iungere</strong></span> <span class='ocrx_word' id='word_1_291' title='bbox 897 3199 1100 3259; x_wconf 58' lang='lat' dir='ltr'><strong>equom·</strong></span> <span class='ocrx_word' id='word_1_292' title='bbox 1155 3183 1432 3241; x_wconf 67' lang='lat' dir='ltr'><strong>Dum-er.</strong></span> <span class='ocrx_word' id='word_1_293' title='bbox 1537 3185 1752 3241; x_wconf 88' lang='lat' dir='ltr'><strong>lacuna</strong></span> <span class='ocrx_word' id='word_1_294' title='bbox 1796 3186 1880 3241; x_wconf 89' lang='lat' dir='ltr'><strong>sic</strong></span> <span class='ocrx_word' id='word_1_295' title='bbox 1923 3186 2144 3262; x_wconf 89' lang='lat' dir='ltr'><strong>optime</strong></span> <span class='ocrx_word' id='word_1_296' title='bbox 2190 3182 2537 3260; x_wconf 83' lang='lat' dir='ltr'><strong>expleatur:</strong></span> 
     </span>
     <span class='ocr_line' id='line_1_34' title="bbox 379 3263 2544 3346; baseline 0.001 -26"><span class='ocrx_word' id='word_1_297' title='bbox 379 3263 527 3341; x_wconf 79' lang='lat' dir='ltr'><strong>quid</strong></span> <span class='ocrx_word' id='word_1_298' title='bbox 558 3264 809 3341; x_wconf 79' lang='lat' dir='ltr'><strong>reseram</strong></span> <span class='ocrx_word' id='word_1_299' title='bbox 855 3265 1238 3323; x_wconf 82' lang='lat' dir='ltr'><strong>Oenomaum.</strong></span> <span class='ocrx_word' id='word_1_300' title='bbox 1326 3285 1472 3323; x_wconf 90' lang='lat' dir='ltr'><strong>nam</strong></span> <span class='ocrx_word' id='word_1_301' title='bbox 1516 3268 1872 3343; x_wconf 81' lang='lat' dir='ltr'><strong>Cecropiden</strong></span> <span class='ocrx_word' id='word_1_302' title='bbox 1911 3270 2092 3326; x_wconf 86' lang='lat' dir='ltr'><strong>nimis</strong></span> <span class='ocrx_word' id='word_1_303' title='bbox 2136 3266 2412 3346; x_wconf 86' lang='lat' dir='ltr'><strong>generale</strong></span> <span class='ocrx_word' id='word_1_304' title='bbox 2453 3275 2544 3323; x_wconf 88' lang='lat' dir='ltr'><strong>est</strong></span> 
     </span>
     <span class='ocr_line' id='line_1_35' title="bbox 383 3347 2544 3432; baseline 0.002 -28"><span class='ocrx_word' id='word_1_305' title='bbox 383 3357 443 3404; x_wconf 86' lang='lat' dir='ltr'><strong>et</strong></span> <span class='ocrx_word' id='word_1_306' title='bbox 469 3347 701 3425; x_wconf 86' lang='lat' dir='ltr'><strong>longius</strong></span> <span class='ocrx_word' id='word_1_307' title='bbox 725 3352 996 3427; x_wconf 87' lang='lat' dir='ltr'><strong>petitum,</strong></span> <span class='ocrx_word' id='word_1_308' title='bbox 1043 3348 1203 3430; x_wconf 90' lang='lat' dir='ltr'><strong>quod</strong></span> <span class='ocrx_word' id='word_1_309' title='bbox 1227 3351 1454 3428; x_wconf 87' lang='lat' dir='ltr'><strong>placuit</strong></span> <span class='ocrx_word' id='word_1_310' title='bbox 1482 3349 1879 3409; x_wconf 86' lang='lat' dir='ltr'><strong>eruditissimo</strong></span> <span class='ocrx_word' id='word_1_311' title='bbox 1903 3354 2273 3432; x_wconf 87' lang='lat' dir='ltr'><strong>Dempstero.</strong></span> <span class='ocrx_word' id='word_1_312' title='bbox 2351 3351 2544 3409; x_wconf 86' lang='lat' dir='ltr'><strong>Oeno-</strong></span> 
     </span>
     <span class='ocr_line' id='line_1_36' title="bbox 381 3432 2544 3522; baseline 0.002 -36"><span class='ocrx_word' id='word_1_313' title='bbox 381 3450 588 3487; x_wconf 76' lang='lat' dir='ltr'><strong>maum</strong></span> <span class='ocrx_word' id='word_1_314' title='bbox 630 3432 872 3522; x_wconf 75' lang='lat' dir='ltr'><strong>quidem</strong></span> <span class='ocrx_word' id='word_1_315' title='bbox 912 3436 1099 3493; x_wconf 84' lang='lat' dir='ltr'><strong>voluit</strong></span> <span class='ocrx_word' id='word_1_316' title='bbox 1141 3445 1201 3492; x_wconf 90' lang='lat' dir='ltr'><strong>et</strong></span> <span class='ocrx_word' id='word_1_317' title='bbox 1242 3435 1597 3492; x_wconf 84' lang='lat' dir='ltr'><strong>Savaronius</strong></span> <span class='ocrx_word' id='word_1_318' title='bbox 1619 3479 1635 3509; x_wconf 92' lang='lat'><strong>,</strong></span> <span class='ocrx_word' id='word_1_319' title='bbox 1678 3437 1771 3492; x_wconf 78' lang='lat' dir='ltr'><strong>vir</strong></span> <span class='ocrx_word' id='word_1_320' title='bbox 1816 3437 1880 3490; x_wconf 88' lang='lat' dir='ltr'><strong>in</strong></span> <span class='ocrx_word' id='word_1_321' title='bbox 1915 3438 2133 3495; x_wconf 89' lang='lat' dir='ltr'><strong>talibus</strong></span> <span class='ocrx_word' id='word_1_322' title='bbox 2165 3435 2544 3514; x_wconf 86' lang='lat' dir='ltr'><strong>scriptoribus</strong></span> 
     </span>
     <span class='ocr_line' id='line_1_37' title="bbox 381 3514 2549 3598; baseline 0.001 -27"><span class='ocrx_word' id='word_1_323' title='bbox 381 3515 673 3593; x_wconf 84' lang='lat' dir='ltr'><strong>plurimae</strong></span> <span class='ocrx_word' id='word_1_324' title='bbox 702 3518 1003 3594; x_wconf 82' lang='lat' dir='ltr'><strong>lectionis3</strong></span> <span class='ocrx_word' id='word_1_325' title='bbox 1049 3517 1156 3578; x_wconf 91' lang='lat' dir='ltr'><strong>sed</strong></span> <span class='ocrx_word' id='word_1_326' title='bbox 1179 3514 1247 3580; x_wconf 71' lang='lat' dir='ltr'><strong>to·</strong></span> <span class='ocrx_word' id='word_1_327' title='bbox 1277 3519 1430 3598; x_wconf 71' lang='lat' dir='ltr'><em>quid</em></span> <span class='ocrx_word' id='word_1_328' title='bbox 1459 3521 1640 3576; x_wconf 89' lang='lat' dir='ltr'><strong>etiam</strong></span> <span class='ocrx_word' id='word_1_329' title='bbox 1668 3521 2067 3576; x_wconf 86' lang='lat' dir='ltr'><strong>necessarium</strong></span> <span class='ocrx_word' id='word_1_330' title='bbox 2104 3529 2224 3576; x_wconf 86' lang='lat' dir='ltr'><strong>est:</strong></span> <span class='ocrx_word' id='word_1_331' title='bbox 2266 3537 2408 3575; x_wconf 90' lang='lat' dir='ltr'><strong>nam</strong></span> <span class='ocrx_word' id='word_1_332' title='bbox 2443 3536 2549 3574; x_wconf 85' lang='lat' dir='ltr'><strong>cur</strong></span> 
     </span>
     <span class='ocr_line' id='line_1_38' title="bbox 380 3601 2546 3682; baseline 0.002 -26"><span class='ocrx_word' id='word_1_333' title='bbox 380 3601 581 3663; x_wconf 81' lang='lat' dir='ltr'><strong>minus</strong></span> <span class='ocrx_word' id='word_1_334' title='bbox 622 3601 898 3681; x_wconf 84' lang='lat' dir='ltr'><strong>ambages</strong></span> <span class='ocrx_word' id='word_1_335' title='bbox 935 3614 1160 3678; x_wconf 85' lang='lat' dir='ltr'><strong>nectat,</strong></span> <span class='ocrx_word' id='word_1_336' title='bbox 1208 3623 1445 3663; x_wconf 91' lang='lat' dir='ltr'><strong>causam</strong></span> <span class='ocrx_word' id='word_1_337' title='bbox 1481 3604 2026 3682; x_wconf 87' lang='lat' dir='ltr'><strong>ponere·Corippus</strong></span> <span class='ocrx_word' id='word_1_338' title='bbox 2049 3603 2257 3663; x_wconf 77' lang='lat' dir='ltr'><strong>voluit.</strong></span> <span class='ocrx_word' id='word_1_339' title='bbox 2355 3602 2546 3660; x_wconf 83' lang='lat' dir='ltr'><strong>Oeno-</strong></span> 
     </span>
     <span class='ocr_line' id='line_1_39' title="bbox 380 3685 2548 3768; baseline 0.004 -27"><span class='ocrx_word' id='word_1_340' title='bbox 380 3686 510 3741; x_wconf 77' lang='lat' dir='ltr'><strong>mai</strong></span> <span class='ocrx_word' id='word_1_341' title='bbox 543 3696 778 3763; x_wconf 85' lang='lat' dir='ltr'><strong>praeter</strong></span> <span class='ocrx_word' id='word_1_342' title='bbox 812 3689 959 3747; x_wconf 86' lang='lat' dir='ltr'><strong>alios</strong></span> <span class='ocrx_word' id='word_1_343' title='bbox 996 3691 1221 3748; x_wconf 88' lang='lat' dir='ltr'><strong>mentio</strong></span> <span class='ocrx_word' id='word_1_344' title='bbox 1268 3701 1358 3748; x_wconf 88' lang='lat' dir='ltr'><strong>est</strong></span> <span class='ocrx_word' id='word_1_345' title='bbox 1399 3688 1560 3768; x_wconf 84' lang='lat' dir='ltr'><strong>apud</strong></span> <span class='ocrx_word' id='word_1_346' title='bbox 1591 3693 1871 3747; x_wconf 87' lang='lat' dir='ltr'><strong>Nonnum</strong></span> <span class='ocrx_word' id='word_1_347' title='bbox 1908 3690 2021 3766; x_wconf 88' lang='lat'><strong>19,</strong></span> <span class='ocrx_word' id='word_1_348' title='bbox 2063 3690 2147 3753; x_wconf 84' lang='lat'><strong>20</strong></span> <span class='ocrx_word' id='word_1_349' title='bbox 2188 3697 2248 3744; x_wconf 82' lang='lat' dir='ltr'><strong>et</strong></span> <span class='ocrx_word' id='word_1_350' title='bbox 2281 3690 2362 3750; x_wconf 88' lang='grc'><strong>87</strong></span> <span class='ocrx_word' id='word_1_351' title='bbox 2405 3685 2548 3751; x_wconf 75' lang='lat'><strong>344.</strong></span> 
     </span>
     <span class='ocr_line' id='line_1_40' title="bbox 377 3772 2197 3830; baseline 0.002 -3"><span class='ocrx_word' id='word_1_352' title='bbox 377 3772 625 3830; x_wconf 72' lang='grc' dir='ltr'><strong>ΒΑΜ-ιι.</strong></span> <span class='ocrx_word' id='word_1_353' title='bbox 2194 3801 2197 3806; x_wconf 59' lang='lat'>&gt;</span> 
     </span>
    </p>

    <p class='ocr_par' dir='ltr' id='par_1_8' title="bbox 388 3856 2595 4451">
     <span class='ocr_line' id='line_1_41' title="bbox 552 3856 2551 3940; baseline 0.001 -27"><span class='ocrx_word' id='word_1_354' title='bbox 552 3856 634 3913; x_wconf 79' lang='lat' dir='ltr'><strong>ib.</strong></span> <span class='ocrx_word' id='word_1_355' title='bbox 720 3859 1004 3937; x_wconf 63' lang='lat' dir='ltr'><strong>reseram]</strong></span> <span class='ocrx_word' id='word_1_356' title='bbox 1048 3860 1133 3917; x_wconf 88' lang='lat' dir='ltr'><strong>sic</strong></span> <span class='ocrx_word' id='word_1_357' title='bbox 1155 3870 1359 3918; x_wconf 88' lang='lat' dir='ltr'><strong>trunce</strong></span> <span class='ocrx_word' id='word_1_358' title='bbox 1382 3859 1594 3920; x_wconf 88' lang='lat' dir='ltr'><strong>editur.</strong></span> <span class='ocrx_word' id='word_1_359' title='bbox 1683 3861 1966 3940; x_wconf 87' lang='lat' dir='ltr'><strong>Scaliger,</strong></span> <span class='ocrx_word' id='word_1_360' title='bbox 2004 3869 2070 3918; x_wconf 89' lang='lat' dir='ltr'><strong>ut</strong></span> <span class='ocrx_word' id='word_1_361' title='bbox 2099 3856 2416 3937; x_wconf 83' lang='lat' dir='ltr'><strong>suppleret,</strong></span> <span class='ocrx_word' id='word_1_362' title='bbox 2458 3859 2551 3915; x_wconf 89' lang='lat' dir='ltr'><strong>le—</strong></span> 
     </span>
     <span class='ocr_line' id='line_1_42' title="bbox 388 3939 2551 4024; baseline 0.003 -30"><span class='ocrx_word' id='word_1_363' title='bbox 388 3940 476 4016; x_wconf 86' lang='lat' dir='ltr'><strong>git</strong></span> <span class='ocrx_word' id='word_1_364' title='bbox 512 3939 885 4002; x_wconf 73' lang='lat' dir='ltr'><strong>Orsilochum</strong></span> <span class='ocrx_word' id='word_1_365' title='bbox 913 3943 1193 4021; x_wconf 69' lang='lat' dir='ltr'><strong>reseram,</strong></span> <span class='ocrx_word' id='word_1_366' title='bbox 1234 3946 1617 4024; x_wconf 86' lang='lat' dir='ltr'><strong>Dempsterus</strong></span> <span class='ocrx_word' id='word_1_367' title='bbox 1647 3947 2039 4024; x_wconf 81' lang='lat' dir='ltr'><strong>Cecropidem.</strong></span> <span class='ocrx_word' id='word_1_368' title='bbox 2110 3954 2389 4003; x_wconf 86' lang='lat' dir='ltr'><strong>neutrum</strong></span> <span class='ocrx_word' id='word_1_369' title='bbox 2408 3962 2551 4021; x_wconf 85' lang='lat' dir='ltr'><strong>pro-</strong></span> 
     </span>
     <span class='ocr_line' id='line_1_43' title="bbox 388 4022 2552 4110; baseline 0.002 -32"><span class='ocrx_word' id='word_1_370' title='bbox 388 4022 490 4080; x_wconf 90' lang='lat' dir='ltr'><strong>bat</strong></span> <span class='ocrx_word' id='word_1_371' title='bbox 523 4026 616 4080; x_wconf 84' lang='lat' dir='ltr'><strong>vir</strong></span> <span class='ocrx_word' id='word_1_372' title='bbox 643 4022 847 4086; x_wconf 70' lang='lat' dir='ltr'><strong>doctus</strong></span> <span class='ocrx_word' id='word_1_373' title='bbox 886 4027 964 4086; x_wconf 85' lang='lat' dir='ltr'><strong>ad</strong></span> <span class='ocrx_word' id='word_1_374' title='bbox 993 4031 1288 4088; x_wconf 84' lang='lat' dir='ltr'><strong>Marmora</strong></span> <span class='ocrx_word' id='word_1_375' title='bbox 1323 4031 1645 4090; x_wconf 83' lang='lat' dir='ltr'><strong>Oxoniens.</strong></span> <span class='ocrx_word' id='word_1_376' title='bbox 1673 4045 1747 4110; x_wconf 60' lang='lat' dir='ltr'><strong>p.*</strong></span> <span class='ocrx_word' id='word_1_377' title='bbox 1773 4036 1924 4106; x_wconf 88' lang='lat'><strong>167,</strong></span> <span class='ocrx_word' id='word_1_378' title='bbox 1969 4041 2028 4088; x_wconf 89' lang='lat' dir='ltr'><strong>et</strong></span> <span class='ocrx_word' id='word_1_379' title='bbox 2062 4029 2290 4088; x_wconf 85' lang='lat' dir='ltr'><strong>mavult</strong></span> <span class='ocrx_word' id='word_1_380' title='bbox 2319 4028 2552 4085; x_wconf 76' lang='lat' dir='ltr'><strong>Henio-</strong></span> 
     </span>
     <span class='ocr_line' id='line_1_44' title="bbox 393 4104 2595 4194; baseline 0.003 -34"><span class='ocrx_word' id='word_1_381' title='bbox 393 4104 573 4163; x_wconf 80' lang='lat' dir='ltr'><strong>chum</strong></span> <span class='ocrx_word' id='word_1_382' title='bbox 596 4109 870 4187; x_wconf 82' lang='lat' dir='ltr'><strong>reseram.</strong></span> <span class='ocrx_word' id='word_1_383' title='bbox 959 4113 1180 4172; x_wconf 77' lang='lat' dir='ltr'><strong>Savaro</strong></span> <span class='ocrx_word' id='word_1_384' title='bbox 1219 4114 1584 4173; x_wconf 81' lang='lat' dir='ltr'><strong>Oenomaum</strong></span> <span class='ocrx_word' id='word_1_385' title='bbox 1611 4115 1710 4174; x_wconf 91' lang='lat' dir='ltr'><strong>hic</strong></span> <span class='ocrx_word' id='word_1_386' title='bbox 1736 4117 1963 4174; x_wconf 81' lang='lat' dir='ltr'><strong>invenit</strong></span> <span class='ocrx_word' id='word_1_387' title='bbox 1992 4116 2057 4171; x_wconf 90' lang='lat' dir='ltr'><strong>in</strong></span> <span class='ocrx_word' id='word_1_388' title='bbox 2083 4125 2207 4173; x_wconf 88' lang='lat' dir='ltr'><strong>not.</strong></span> <span class='ocrx_word' id='word_1_389' title='bbox 2238 4111 2317 4171; x_wconf 85' lang='lat' dir='ltr'><strong>ad</strong></span> <span class='ocrx_word' id='word_1_390' title='bbox 2339 4109 2548 4171; x_wconf 87' lang='lat' dir='ltr'><strong>Sidon.</strong></span> <span class='ocrx_word' id='word_1_391' title='bbox 2582 4178 2595 4194; x_wconf 31' lang='grc' dir='ltr'><strong><em>θ</em></strong></span> 
     </span>
     <span class='ocr_line' id='line_1_45' title="bbox 394 4196 2550 4278; baseline 0 -24"><span class='ocrx_word' id='word_1_392' title='bbox 394 4206 574 4246; x_wconf 66' lang='lat' dir='ltr'><strong>carm·</strong></span> <span class='ocrx_word' id='word_1_393' title='bbox 612 4196 693 4256; x_wconf 78' lang='lat'><strong>28</strong></span> <span class='ocrx_word' id='word_1_394' title='bbox 735 4213 797 4271; x_wconf 81' lang='lat' dir='ltr'><strong>p.</strong></span> <span class='ocrx_word' id='word_1_395' title='bbox 843 4197 996 4271; x_wconf 85' lang='lat'><strong>198,</strong></span> <span class='ocrx_word' id='word_1_396' title='bbox 1059 4199 1341 4278; x_wconf 86' lang='lat' dir='ltr'><strong>probante</strong></span> <span class='ocrx_word' id='word_1_397' title='bbox 1382 4203 1690 4260; x_wconf 87' lang='lat' dir='ltr'><strong>Perizouio</strong></span> <span class='ocrx_word' id='word_1_398' title='bbox 1741 4198 1818 4259; x_wconf 89' lang='lat' dir='ltr'><strong>ad</strong></span> <span class='ocrx_word' id='word_1_399' title='bbox 1860 4201 2093 4258; x_wconf 78' lang='lat' dir='ltr'><strong>Aelian-</strong></span> <span class='ocrx_word' id='word_1_400' title='bbox 2134 4201 2273 4259; x_wconf 87' lang='lat' dir='ltr'><strong>Var.</strong></span> <span class='ocrx_word' id='word_1_401' title='bbox 2316 4199 2468 4254; x_wconf 87' lang='lat' dir='ltr'><strong>Hist.</strong></span> <span class='ocrx_word' id='word_1_402' title='bbox 2511 4197 2550 4254; x_wconf 86' lang='grc'><strong>8</strong></span> 
     </span>
     <span class='ocr_line' id='line_1_46' title="bbox 395 4273 2554 4364; baseline 0.004 -34"><span class='ocrx_word' id='word_1_403' title='bbox 395 4294 448 4331; x_wconf 87' lang='lat' dir='ltr'><strong>c.</strong></span> <span class='ocrx_word' id='word_1_404' title='bbox 479 4276 560 4337; x_wconf 89' lang='grc'><strong>88</strong></span> <span class='ocrx_word' id='word_1_405' title='bbox 586 4275 649 4330; x_wconf 89' lang='lat' dir='ltr'><strong>in</strong></span> <span class='ocrx_word' id='word_1_406' title='bbox 671 4276 771 4338; x_wconf 88' lang='lat' dir='ltr'><strong>fin.</strong></span> <span class='ocrx_word' id='word_1_407' title='bbox 857 4280 1092 4340; x_wconf 86' lang='lat' dir='ltr'><strong>nullum</strong></span> <span class='ocrx_word' id='word_1_408' title='bbox 1115 4302 1224 4362; x_wconf 87' lang='lat' dir='ltr'><strong>ego</strong></span> <span class='ocrx_word' id='word_1_409' title='bbox 1254 4284 1498 4359; x_wconf 88' lang='lat' dir='ltr'><strong>definio,</strong></span> <span class='ocrx_word' id='word_1_410' title='bbox 1542 4303 1653 4343; x_wconf 87' lang='lat' dir='ltr'><strong>nec</strong></span> <span class='ocrx_word' id='word_1_411' title='bbox 1677 4302 1949 4364; x_wconf 86' lang='lat' dir='ltr'><strong>possum:</strong></span> <span class='ocrx_word' id='word_1_412' title='bbox 1989 4286 2188 4343; x_wconf 89' lang='lat' dir='ltr'><strong>nescio</strong></span> <span class='ocrx_word' id='word_1_413' title='bbox 2223 4284 2385 4340; x_wconf 87' lang='lat' dir='ltr'><strong>enim</strong></span> <span class='ocrx_word' id='word_1_414' title='bbox 2408 4273 2554 4356; x_wconf 79' lang='lat' dir='ltr'><strong>quid</strong></span> 
     </span>
     <span class='ocr_line' id='line_1_47' title="bbox 395 4359 2557 4451; baseline 0.003 -33"><span class='ocrx_word' id='word_1_415' title='bbox 395 4359 692 4438; x_wconf 82' lang='lat' dir='ltr'><strong>scripserit</strong></span> <span class='ocrx_word' id='word_1_416' title='bbox 737 4373 959 4423; x_wconf 87' lang='lat' dir='ltr'><strong>auctor.</strong></span> <span class='ocrx_word' id='word_1_417' title='bbox 1002 4367 1239 4428; x_wconf 74' lang='lat' dir='ltr'><strong>Voncx.</strong></span> <span class='ocrx_word' id='word_1_418' title='bbox 1324 4371 1600 4429; x_wconf 88' lang='lat' dir='ltr'><strong>lacunam</strong></span> <span class='ocrx_word' id='word_1_419' title='bbox 1642 4367 1915 4451; x_wconf 76' lang='lat' dir='ltr'><strong>supplevi</strong></span> <span class='ocrx_word' id='word_1_420' title='bbox 1963 4368 2280 4430; x_wconf 77' lang='lat' dir='ltr'><strong>adficiens:</strong></span> <span class='ocrx_word' id='word_1_421' title='bbox 2325 4361 2557 4423; x_wconf 81' lang='lat' dir='ltr'><strong>Henio-</strong></span> 
     </span>
    </p>
   </div>
  </div>
 </body>
</html>
