3210 5200
1000 424 1114 490 DE
1162 424 1576 493 LAUDIBUS
1626 425 1961 494 ms'nm.
2412 427 2559 501 395

387 587 626 667 ἀξίωσις
657 592 697 653 9
726 587 792 647 ff.
841 587 921 647 ad
962 589 1007 648 l.
1048 587 1247 649 Rhod.
1284 587 1363 647 de
1394 592 1531 648 iact.
1552 635 1570 664 ,
1629 601 1690 649 et
1731 592 1775 650 l.
1818 591 1970 649 bene
2010 610 2046 648 a
2083 593 2324 654 Zenone
2367 595 2436 653 C.
2484 594 2558 654 de

387 675 594 758 quadr.
624 678 971 754 praescript.
1056 674 1193 736 vide
1219 685 1278 733 et
1306 676 1595 734 Senecam
1624 674 1699 733 de
1728 676 1975 738 benefic.
2001 681 2042 740 7
2084 676 2126 740 4
2168 689 2228 737 et
2252 680 2315 743 5.
2370 683 2558 740 Ru-r.

554 781 699 840 372.
788 775 863 833 de
888 776 1028 834 fisco
1050 779 1238 835 multa
1258 795 1457 855 supra.
1539 776 1644 835 ille
1668 779 1982 856 principis,
2027 787 2093 834 ut
2118 779 2410 835 aerarium
2438 782 2558 837 rei—

384 866 682 944 publicae.
769 863 1002 920 Plinius
1046 865 1270 941 Paueg.
1305 862 1589 920 Traiani:
1637 882 1760 919 non
1788 863 1992 919 eadem
2024 864 2564 936 sem-itaufiscum

385 971 507 1029 qua
540 949 839 1006 aerarium
870 945 1127 1018 cohibes,
1169 951 1347 1005 immo
1379 957 1546 1004 tanto
1570 949 1793 1004 maiore
1819 958 2041 1025 quanto
2067 947 2219 1025 plue
2249 945 2362 1004 tibi
2390 949 2562 1007 licere

384 1036 459 1093 de
504 1045 602 1091 tuo
645 1052 828 1110 quam
867 1031 942 1089 cle
972 1031 1221 1109 publico
1271 1033 1478 1090 credas.
1566 1043 1706 1110 post
1751 1050 1890 1089 eum
1937 1033 2284 1110 Spartianus
2325 1035 2390 1090 in
2433 1037 2559 1092 Ha-

384 1118 630 1176 driano:
695 1117 1113 1175 damnatorum
1168 1117 1322 1174 bona
1362 1120 1443 1174 in
1479 1118 1711 1191 fiscum
1751 1119 2069 1194 privatum
2108 1118 2303 1194 rediga
2346 1121 2559 1190 vetuit,

383 1206 550 1261 omni
583 1222 816 1279 summa
851 1203 918 1258 in
949 1204 1180 1258 amrin
1206 1202 1457 1279 publico
1485 1210 1738 1278 recepta.
1830 1202 1983 1260 bene
2017 1202 2123 1259 ille
2152 1201 2314 1281 apud
2341 1204 2560 1262 Diaco-

380 1309 528 1346 num
578 1294 682 1350 11:
745 1286 991 1364 quidam
1033 1287 1336 1364 improbas
1372 1291 1701 1345 exacubnes·
1740 1287 2034 1344 detectam
2074 1287 2308 1345 dicebat
2327 1289 2557 1362 fiscum

378 1395 500 1431 esse
529 1372 740 1428 lienem
744 1413 765 1440 ,
810 1371 974 1449 quod
995 1391 1058 1428 eo
1085 1384 1371 1428 crescente
1403 1373 1627 1451 reliqui
1649 1383 1820 1429 amca
1848 1371 2169 1430 tabescant.
2262 1375 2558 1433 crescebat

362 1471 578 1517 -autem
606 1475 685 1513 ex
710 1455 1045 1514 addictione
1069 1455 1354 1514 bonorum
1368 1461 1852 1535 proscriptorum.
1923 1456 2189 1517 Cassiod.
2222 1455 2265 1519 4
2298 1461 2411 1537 32.
2479 1457 2555 1518 de

375 1541 656 1602 aviditate
680 1542 1005 1599 Domitiani
1035 1544 1303 1600 Juvenal.
1335 1548 1411 1606 2:
1461 1543 1752 1622 quiequid
1778 1545 2162 1622 conspicuum
2188 1542 2553 1619 pulchrum-

378 1650 492 1708 que
538 1648 606 1683 ex
645 1647 896 1703 aequore
937 1638 1081 1696 toto,
1124 1647 1216 1683 res
1232 1629 1384 1701 fisci
1407 1639 1494 1685 est
1517 1626 1854 1705 ubicunque
1884 1637 2076 1685 natat.
2163 1637 2364 1685 tamen
2392 1628 2551 1709 apud

376 1722 646 1770 auctores
685 1711 874 1768 bonos
914 1710 1376 1770 confunduntur.
1462 1714 1629 1770 locus
1663 1714 1906 1790 elegans
1934 1710 2094 1791 apud
2119 1713 2550 1791 Symmachum

378 1803 463 1862 10
487 1817 583 1875 ep.
613 1793 727 1859 54:
751 1795 951 1868 fiscus
975 1795 1258 1855 bonorum
1275 1800 1622 1875 pnncipum
1647 1817 1768 1854 non
1796 1799 2164 1855 sacer-domm
2185 1799 2422 1856 damnis
2444 1802 2553 1858 ced

371 1881 632 1939 hostium
671 1880 878 1957 spoliis
916 1894 1230 1960 augeatur.
1322 1881 1477 1940 dixit
1518 1880 1596 1939 ad
1634 1883 1873 1940 Consul.
1909 1883 2119 1939 Manlii
2150 1882 2544 1944 Claudianus:

370 1965 744 2044 abductoque
768 1965 1075 2025 hominum
1102 1967 1415 2026 cumulant
1445 1969 1682 2024 σπανία
1712 1986 1910 2024 censu.
2001 1969 2280 2026 Duum·-

546 2072 691 2134 378.
779 2068 1028 2127 subiecti
1058 2072 1239 2128 nimis
1272 2071 1461 2148 pressi
1489 2068 1720 2147 gravati
1755 2077 1933 2146 atque
1961 2065 2236 2127 exhausti
2266 2090 2387 2129 non
2418 2072 2548 2130 suf-

370 2153 579 2211 ficiunt
614 2152 859 2212 taudem
896 2155 1130 2213 tributis
1161 2152 1513 2234 pendendis.
1600 2153 1769 2211 novis
1805 2152 2224 2210 indictionibus
2242 2159 2441 2234 pressi
2466 2158 2554 2215 ad

370 2249 569 2297 vetera
593 2237 817 2296 tributa
847 2239 1157 2311 deficiunt,
1188 2242 1383 2318 inquit
1408 2240 1640 2296 Plinius
1666 2237 1961 2317 Panegyr.
1990 2236 2067 2295 ad
2090 2238 2421 2298 Traianum
2444 2245 2548 2305 29.

369 2320 514 2380 hinc
557 2321 632 2379 de
676 2326 770 2380 sui
810 2325 940 2379 aevi
989 2323 1185 2379 Gallia
1228 2321 1510 2381 Sidonius
1541 2325 1872 2382 carminum
1895 2323 1968 2386 5:
2018 2322 2231 2381 Gallia
2258 2328 2552 2384 continuis

373 2426 725 2487 quanquam
770 2408 853 2462 sit
896 2405 1062 2463 lassa
1094 2405 1363 2474 tributis.
1451 2406 1591 2466 vide
1641 2421 1699 2466 et
1737 2408 2087 2466 Salvianum
2122 2406 2196 2465 de
2236 2410 2545 2485 gubernat.

373 2490 474 2551 dei
498 2492 573 2564 5,
623 2502 681 2549 et
708 2492 993 2550 Savaron.
1020 2489 1098 2548 ad
1123 2491 1331 2551 Sidon.
1362 2494 1402 2558 5
1432 2512 1528 2572 ep.
1565 2497 1662 2558 17.
1729 2511 1910 2574 quare
1941 2491 2355 2553 callidissimus
2380 2498 2551 2575 prin-

360 2597 511 2657 ceps
546 2577 825 2636 Tiberius
866 2587 1023 2635 recte
1064 2577 1258 2641 aiebat
1298 2577 1438 2636 boni
1463 2579 1728 2656 pastoris
1768 2598 1887 2636 esse
1916 2578 2153 2638 tondere
2169 2598 2383 2657 pecua,
2426 2602 2548 2640 non

367 2660 711 2743 deglubere;
754 2681 1106 2742 semperque
1154 2662 1381 2721 laudati
1423 2674 1560 2722 sunt
1591 2667 1890 2749 principes
1927 2666 2031 2744 qui
2063 2664 2280 2723 tributa
2308 2668 2546 2725 minue-

366 2752 521 2822 rint,
564 2756 631 2805 ut
676 2748 1025 2819 Gratianus,
1069 2746 1143 2804 de
1187 2767 1304 2827 quo
1343 2749 1643 2807 Ausonius
1689 2751 1755 2806 in
1796 2752 2118 2827 gratiarum
2158 2752 2422 2826 actione3
2477 2762 2545 2811 ut

364 2834 619 2907 Valens,
661 2829 740 2889 de
777 2851 892 2912 quo
928 2830 1302 2892 'themistius
1330 2831 1682 2913 Euphradas
1715 2834 1989 2892 Oratione
2018 2834 2091 2893 de
2122 2854 2302 2916 pace3
2341 2846 2407 2894 ιιι
2437 2839 2542 2895 Ιιι-

359 2920 594 2991 liunus,
638 2920 744 2998 qui
784 2920 913 2996 ipse
950 2915 1024 2975 de
1051 2937 1115 2975 se
1146 2920 1210 2975 in
1239 2920 1628 2998 MIsopogone
1655 2928 1904 2977 testatur
1926 2941 1986 2977 se
2012 2923 2283 3000 quintam
2311 2931 2542 3001 partem

360 3000 859 3063 Antiochensibus
887 3004 1205 3062 remisisse.
1286 3005 1474 3063 Rrrr.

532 3104 675 3170 375.
760 3105 1186 3164 Du-Fresnius
1227 3105 1428 3164 Const-
1474 3102 1692 3165 Christ.
1728 3106 1835 3165 lib.
1865 3109 1907 3171 2
1946 3104 2160 3186 p.154
2195 3103 2359 3164 hunc
2395 3127 2533 3166 ver-

361 3212 496 3251 sum
534 3192 778 3270 Corippi
820 3191 1071 3268 allegat,
1116 3191 1221 3247 ubi
1261 3194 1382 3268 agit
1417 3189 1492 3248 de
1518 3192 1706 3250 loco·
1688 3213 1749 3249 m
1784 3212 1901 3293 quo
1927 3194 2350 3269 imperatorum
2379 3191 2535 3250 bona

361 3277 795 3355 patrimonialia
839 3273 1339 3349 recondebantur,
1384 3285 1443 3332 et
1486 3293 1667 3354 quem
1708 3272 1905 3339 ἰδικόν
1944 3274 2253 3335 vocabant.
2338 3278 2533 3335 enim-

360 3381 504 3419 vero
523 3363 837 3437 privatum
864 3360 1130 3419 absolute
1157 3379 1264 3437 pro
1292 3379 1356 3416 re
1381 3360 1610 3437 privata
1641 3362 1922 3439 principis
1951 3370 2194 3439 usurpat
2223 3363 2296 3419 L.
2326 3363 2367 3429 5
2400 3360 2532 3421 cod.

256 3466 267 3477 ·
359 3442 600 3502 Theod.
631 3442 705 3501 de
733 3454 924 3501 exact.
980 3443 1090 3503 sed
1114 3442 1267 3502 mihi
1294 3441 1530 3501 videtur
1556 3444 1844 3521 corippus
1878 3446 1964 3500 uti
1985 3442 2086 3502 hic
2111 3464 2254 3504 voce
2283 3448 2535 3523 privata

360 3547 484 3585 nou
512 3546 677 3587 secus
700 3548 768 3585 ac
791 3530 1060 3606 superius
1085 3549 1145 3586 v.
1172 3527 1296 3591 257
1320 3526 1397 3585 ad
1425 3526 1794 3605 designanda
1820 3529 2075 3588 cuiusvis
2102 3531 2331 3607 privata
2354 3530 2531 3607 bona,

357 3631 516 3694 quae
548 3615 747 3670 omnia
781 3633 909 3672 esse
940 3623 1141 3671 tamen
1173 3615 1458 3693 principis
1487 3611 1566 3670 ad
1598 3614 2060 3670 assentationem
2088 3611 2251 3671 dicit.
2336 3615 2531 3675 Foco.

526 3718 676 3780 876.
759 3714 1043 3793 diurnae]
1087 3717 1154 3772 in
1194 3718 1460 3795 singulos
1498 3713 1626 3789 dies
1655 3716 2019 3772 frumentum
2048 3712 2538 3794 suppeditabatur

355 3800 557 3880 plebi,
600 3819 738 3859 cum
773 3819 1008 3858 annona
1033 3801 1354 3879 incipiebat
1381 3800 1650 3861 deficere.
1735 3801 1920 3874 nulli,
1965 3797 2128 3880 quod
2155 3803 2376 3876 sciam,
2419 3803 2534 3861 ob-

354 3894 675 3943 servatum.
764 3882 1071 3944 claudian.
1133 3882 1209 3942 de
1259 3886 1417 3947 bello
1474 3883 1718 3945 Gildon.
1779 3888 1969 3944 Roma
2022 3885 2184 3943 fame
2233 3886 2531 3946 laborans.

346 3968 693 4048 gaudetque
733 3971 977 4028 ‹laha-nos
1022 3982 1093 4029 ut
1109 3970 1397 4048 famulae
1424 3971 1712 4051 praebere
1753 3969 1934 4028 cibos.
2024 3969 2171 4031 alia·
2201 3974 2267 4030 in
2291 3991 2532 4032 menses

357 4053 535 4111 fiebat
564 4053 974 4130 frumentatio,
1016 4065 1083 4115 ut
1116 4055 1429 4114 observant
1461 4055 1642 4119 docti.
1724 4057 2007 4115 Dua-⁸⁶1·-

525 4156 668 4218 878.
743 4159 931 4230 par-vi
954 4156 1075 4214 cibi
1095 4167 1302 4215 tenues
1334 4167 1500 4231 sunt,
1542 4159 1742 4235 pauci.
1825 4156 1966 4216 wide
1995 4175 2148 4237 quae
2176 4156 2286 4215 lib.
2315 4160 2396 4221 87
2422 4175 2532 4214 su-

348 4254 465 4314 pra
490 4234 568 4293 ad
594 4237 863 4296 Caelium
885 4243 1274 4303 Aurelianum
1298 4243 1657 4301 notavimus.
1740 4245 1989 4301 Bum-

525 4323 669 4384 379.
750 4324 1055 4402 legefloe
1078 4327 1187 4385 diu
1210 4337 1405 4385 tantos
1428 4338 1669 4405 protot,
1708 4336 1777 4386 ut
1803 4330 1839 4391 1
1879 4328 2026 4393 252.
2069 4329 2310 4387 Yoncx.
2389 4341 2528 4381 ma·—

350 4404 463 4463 lim
491 4425 590 4463 me
609 4406 836 4484 tlegisse
864 4428 1007 4470 cum
1029 4408 1291 4474 Vonckio
1317 4422 1531 4472 tantos.
1576 4414 1777 4474 Foca-
1857 4432 1953 4474 ms
1980 4413 2182 4473 tanm-
