3210 5200
1018 419 1550 486 IOHANNIDOS
1602 419 1764 487 LIB.
1815 420 1963 485 VII.
2444 420 2582 490 143

556 582 868 661 fatidicus,
912 587 1129 644 nostris
1165 585 1393 644 donans
1420 606 1529 666 per
1556 587 1783 664 proelia
1817 585 2043 643 Mauris

551 687 795 765 Byzacii
832 707 1109 767 campos,
1155 689 1445 746 Carcasan
1479 690 1564 745 ire
1595 689 1919 766 superbum

558 808 665 865 per
700 790 958 868 Libycos
988 791 1243 869 populos
1272 799 1330 846 et
1360 810 1574 868 pacem
1602 787 1851 847 reddere
1875 787 2123 847 mundo-

556 891 870 950 Ammonis
898 890 993 951 his
1020 892 1193 951 dictis
1222 902 1430 969 gentes
1456 893 1708 949 Bellona
1741 894 1933 969 coegit

387 987 515 1055 620
555 993 900 1052 innumeras
924 1005 1149 1052 vestros
1179 997 1396 1052 iterum
1423 1012 1686 1052 remeare
1715 1014 1825 1072 per
1858 1012 2051 1069 agros.

556 1095 806 1174 ipseque
837 1098 940 1176 qui
971 1094 1181 1153 ductor
1207 1106 1408 1171 tecum
1439 1098 1808 1154 committere
1838 1112 2104 1172 pugnam

555 1197 677 1253 iam
710 1197 932 1271 voluit,
975 1207 1211 1256 vertens
1242 1200 1473 1257 animos
1504 1199 1832 1256 Guenfeius
1863 1194 2052 1253 hostis

558 1296 788 1356 distulit
819 1318 984 1357 arma
1014 1301 1129 1357 viri
1156 1310 1541 1379 mentemque
1568 1320 1600 1358 a
1631 1302 1820 1357 Marte
1851 1299 2103 1369 reflexit,

558 1401 803 1457 consilio
834 1398 940 1459 sed
966 1399 1140 1458 valde
1171 1403 1360 1479 gravi.
1448 1412 1513 1459 tu
1545 1404 1788 1482 quippe.
1813 1402 2076 1477 fugaceS‚

387 1498 512 1565 525
556 1520 707 1581 quos
739 1503 993 1580 populos
1028 1522 1151 1559 non
1182 1506 1268 1561 ira
1302 1506 1497 1581 magis
1517 1548 1538 1585 ².
1575 1523 1697 1561 non
1724 1513 1912 1559 terror
1938 1501 2183 1557 acerbus

554 1599 667 1660 hos
695 1606 879 1681 agitat
898 1648 914 1677 ‚
950 1607 1256 1685 victosque
1282 1615 1524 1683 pavent.
1609 1616 1677 1662 ut
1705 1614 1898 1662 vestra
1936 1605 2143 1679 latiget

558 1717 746 1764 castra
775 1707 997 1781 fames,
1042 1705 1271 1765 finxere
1298 1706 1535 1784 fugam,
1579 1707 1868 1787 vobisque
1891 1704 2124 1762 labores

558 1817 680 1865 arte
715 1821 945 1887 parant.
1032 1821 1241 1887 gentes
1271 1820 1504 1867 nostras
1528 1829 1605 1866 ne
1637 1807 1811 1866 crede
1843 1809 2104 1886 fugaceS‚

560 1912 611 1968 si
635 1914 834 1969 veniat
862 1913 1139 1990 princeps
1157 1956 1172 1985 ,
1217 1921 1528 1992 totumque
1559 1908 1875 1968 exhauriat
1903 1911 2129 1981 orbem,

388 2008 515 2092 530
556 2031 761 2070 secum
797 2013 874 2071 ad
904 2014 1063 2071 bella
1093 2033 1363 2071 movens.
1449 2032 1562 2070 nec
1589 2015 1992 2070 Maximianus
2021 2021 2252 2090 apertas

554 2114 646 2172 bis
673 2116 866 2193 potuit
893 2114 1160 2171 conferre
1183 2134 1397 2173 manus
1416 2160 1432 2190 ‚
1479 2135 1618 2172 cum
1643 2125 1875 2194 sceptra
1913 2124 2140 2172 teneret

554 2217 812 2274 Romani
840 2219 1115 2294 princeps
1141 2219 1349 2295 populi
1366 2263 1382 2292 ,
1424 2219 1733 2297 victorque
1761 2236 1870 2294 per
1893 2236 2102 2275 onmes

553 2318 892 2375 Poenorum
921 2327 1128 2395 gentes
1160 2319 1336 2377 bellis
1361 2320 1640 2377 transiret
1671 2317 1921 2375 acerbis.

557 2428 616 2475 at
641 2418 819 2483 modo
837 2463 853 2493 ,
900 2439 1037 2476 cum
1067 2416 1247 2477 donet
1279 2423 1575 2499 responsis
1602 2421 1814 2477 certior
1840 2420 2102 2476 Ammon

386 2517 512 2586 635
555 2541 834 2600 prospera
861 2522 1018 2579 bella
1050 2523 1205 2597 suia,
1246 2526 1644 2602 Languantan
1677 2519 1885 2580 cedere
1914 2521 2100 2596 signis

555 2635 655 2682 aut
684 2625 909 2702 fugisse
934 2635 1108 2703 putas
1125 2621 1156 2682 ’ἓ
1243 2626 1432 2683 velles
1459 2622 1574 2682 hoc
1593 2669 1610 2700 ‚
1658 2623 1867 2681 ductor
1896 2626 2127 2679 acrive:

556 2723 663 2783 sed
689 2745 811 2783 non
841 2729 926 2784 sic
951 2740 1054 2784 tua
1083 2727 1207 2786 fata
1239 2719 1505 2786 volent.'’
1587 2736 1732 2783 tunc
1761 2725 1941 2783 verba
1971 2725 2221 2782 furentis

558 2827 878 2907 indignans
906 2832 1135 2887 saevire
1166 2829 1303 2904 diu,
1349 2830 1433 2888 sic
1465 2848 1566 2886 ora
1592 2829 1900 2894 resolvit:w

547 2924 653 2989 “ut
680 2933 876 3009 magis
905 2928 1015 2988 hos
1038 2919 1269 2990 nostros
1299 2933 1550 2989 teneatis
1581 2932 1796 2988 certius
1825 2921 2066 3007 agrosff'

383 3029 511 3097 540
552 3034 636 3090 sic
668 3036 783 3107 ait,
831 3043 888 3090 et
923 3035 1187 3114 quinque
1220 3035 1429 3092 erectis
1460 3034 1628 3091 iubet
1656 3031 1862 3091 ordine
1892 3033 2071 3110 lignis
2156 3099 2160 3103 ,

554 3137 754 3212 stipite
784 3133 1071 3214 suspendi
1096 3139 1440 3194 Maurorum
1469 3136 1620 3193 colla
1647 3135 1900 3193 bicorni.

554 3236 717 3297 iussu
746 3238 1058 3318 praecipiti
1092 3239 1315 3296 celeres
1344 3239 1541 3297 fecere
1575 3238 1854 3297 ministri.

782 3586 1249 3676 LIBER
1375 3584 2186 3677 SEPTIMUS.

557 3732 918 3856 Postquam
956 3778 1274 3837 consilium
1307 3776 1514 3837 ductor
1545 3778 1822 3856 cognovit
1850 3775 2144 3854 iniquum,

555 3887 734 3956 atque
763 3897 971 3937 omnes
1000 3890 1245 3957 patuere
1274 3879 1429 3954 doli,
1474 3881 1785 3960 gentisque
1815 3875 2111 3935 nefandae

555 3982 844 4057 persensit
881 3978 1120 4038 crudele
1150 3984 1352 4057 nesae„
1396 3993 1539 4040 tunc
1572 3993 1781 4040 cuncta
1812 3981 2122 4039 revolvens

555 4081 767 4139 obtutu
799 4084 975 4141 tacito
1004 4085 1224 4143 mentis
1257 4083 1528 4143 discurrit
1560 4103 1813 4143 acumen

376 4228 485 4283 521
523 4244 623 4297 quc
647 4231 773 4284 add.
798 4230 861 4282 Μ
1080 4232 1186 4287 524
1219 4239 1324 4287 tum
1348 4234 1410 4286 M
1623 4233 1736 4290 525⁷
1759 4232 1866 4286 irre
1891 4233 1940 4286 Τ
2143 4229 2245 4285 529
2279 4226 2450 4278 ueniet
2479 4225 2587 4275 MT

376 4297 490 4351 535
525 4299 715 4368 siguis]
752 4299 857 4351 suis
882 4300 933 4353 Τ
1111 4303 1216 4357 535
1249 4305 1370 4370 aut]
1407 4320 1470 4354 an
1495 4302 1554 4354 Μ
1727 4304 1855 4358 ibid.
1889 4301 2054 4356 vallas
2077 4301 2127 4353 Τ
2294 4297 2391 4350 541
2430 4296 2581 4348 Mau-

377 4382 554 4419 rorum
580 4368 667 4432 Μ,
703 4369 949 4422 morietur
973 4370 1023 4424 Τ
1225 4371 1330 4428 542
1361 4372 1509 4426 iussit.
1534 4370 1596 4426 Τ.

480 4461 681 4515 Merula.
724 4471 775 4518 ct
817 4465 939 4517 Cor.
2095 4457 2172 4521 14
