3210 5200
621 354 769 437 134,
1538 354 1874 422 comPPI

786 519 1027 601 agmina
1053 527 1262 578 cuncta
1292 528 1516 578 movet.
1599 520 1739 580 latis
1767 517 2044 579 incedere
2073 519 2298 601 campis

792 633 852 681 et
875 623 1013 680 forti
1034 640 1348 701 properare
1376 619 1515 683 duci
1540 621 1880 681 veneranda
1906 635 2176 683 senectus

794 726 1145 804 evigilanter
1165 725 1289 802 agit
1312 724 1585 802 populos.
1673 726 2002 783 reverentia
2025 726 2175 783 tanti

792 827 990 906 pulsat
1016 845 1298 906 amorque
1325 826 1470 898 viri3
1515 827 1776 903 gravitas
1803 829 2156 906 seniumque
2188 827 2473 906 laborque

628 927 755 995 205
795 929 1093 1008 verbaque
1116 923 1338 985 blanda
1361 928 1568 984 iuvant
1586 970 1603 1002 ‚
1647 929 1845 986 tristes
1869 930 2193 987 mulcentia
2222 939 2474 986 mentes.

797 1048 939 1106 ergo
970 1039 1057 1087 tot
1077 1030 1378 1107 impensas
1410 1030 1643 1105 genitor
1668 1038 1811 1087 tunc
1838 1032 1924 1087 ire
1952 1030 2225 1105 iubebat,

799 1139 859 1188 et
892 1132 1079 1189 socios
1102 1130 1349 1208 urgebat
1375 1148 1588 1207 agens,
1630 1131 1888 1212 fortique
1914 1133 2197 1210 magistro

801 1234 1117 1291 consilium
1141 1242 1341 1310 gratus
1366 1233 1565 1289 senior
1584 1232 1907 1291 mandabat
1938 1237 2215 1291 amicum.

798 1354 911 1392 nec
938 1355 1059 1392 non
1086 1336 1357 1413 egregius
1385 1330 1734 1413 dispensans
1762 1337 1962 1393 omnia
1986 1339 2225 1409 Petrus,

632 1436 759 1502 210
800 1455 911 1494 ceu
936 1437 1088 1494 foret
1115 1438 1221 1494 ille
1246 1454 1434 1495 senex
1452 1479 1469 1510 ,
1512 1456 1733 1515 magno
1766 1436 2045 1495 mandata
2073 1435 2306 1516 parenti

800 1539 956 1596 ferre
980 1539 1144 1602 iubet
1171 1539 1393 1596 celeres
1415 1538 1753 1618 iterumque
1779 1541 1996 1597 referre
2029 1541 2352 1597 ministros.

806 1660 989 1719 quam
1013 1639 1334 1698 reverende
1362 1636 1544 1717 puer!
1597 1641 1830 1718 Libyen
1859 1660 1996 1698 cum
2020 1652 2190 1718 patre
2215 1640 2400 1712 tueri,

806 1759 883 1797 an
909 1744 1094 1818 patris
1120 1743 1310 1820 pietas
1336 1743 1605 1798 animum
1629 1739 1877 1798 movet?
1949 1738 2064 1798 hoc
2088 1759 2228 1818 egon,
2274 1735 2561 1819 quicquid

807 1859 936 1897 esse
962 1852 1173 1919 putent
1200 1841 1470 1900 dicantve
1487 1884 1503 1915 ‚
1550 1852 1739 1898 ratus:
1782 1841 2054 1898 mirabile
2083 1845 2323 1919 signum
2348 1850 2472 1914 est,

637 1938 761 2005 215
803 1936 913 1999 has
939 1962 1090 2021 puer
1119 1954 1186 2002 ut
1210 1954 1414 2001 tenero
1442 1941 1744 2001 discernas
1771 1954 2005 2021 pectore
2035 1962 2224 2001 cume.

806 2042 931 2100 iam
959 2056 1165 2123 gentes
1191 2064 1424 2103 rumore
1452 2055 1556 2103 tuo
1582 2047 1969 2126 pavitantque
1991 2054 2401 2124 tremuntque,

810 2141 1211 2227 deficiuntque
1231 2158 1418 2221 metu,
1463 2148 1682 2226 palmis
1712 2148 2015 2226 oculisque
2044 2149 2323 2224 timorem

812 2245 1014 2307 audito
1045 2252 1211 2327 parvi
1236 2252 1536 2328 signantes
1566 2250 1809 2305 nomine
1834 2249 2017 2306 Petri.
2082 2300 2085 2303 Α

897 2351 975 2406 At
999 2350 1211 2407 famuli
1236 2352 1461 2429 pariter
1485 2368 1623 2407 cura
1647 2353 2056 2427 praestantius
2073 2351 2240 2408 omni

644 2450 772 2513 220
812 2468 920 2528 pro
948 2451 1123 2509 rebus
1151 2470 1488 2532 magnoque
1518 2451 1790 2509 laborant
2172 2452 2494 2531 magistro,

812 2552 1105 2630 pellentes
1129 2550 1338 2612 dubias
1367 2556 1533 2612 exire
1565 2556 1628 2612 in
1659 2553 1882 2633 proelia
1908 2564 2175 2631 turmas3

813 2651 1243 2737 hortanturque
1273 2659 1429 2714 viros
1448 2701 1464 2732 ‚
1507 2657 1866 2737 flectuntque
1887 2668 2248 2737 moventque
2278 2654 2569 2716 docendo·

814 2752 916 2813 hic
943 2779 1115 2836 prece
1142 2778 1300 2815 nunc
1322 2760 1512 2817 socios
1529 2802 1546 2832 ,
1593 2778 1768 2839 asper
1788 2779 1950 2816 nunc
1974 2761 2240 2836 increpat
2266 2760 2407 2817 ille:

816 2856 944 2916 odit
972 2878 1169 2916 amare
1193 2878 1387 2916 moras
1417 2869 1666 2937 angusto
1700 2862 1763 2916 in
1790 2869 2053 2938 tempore
2086 2861 2265 2917 cives.

650 2955 777 3024 225
820 2961 1039 3038 quippe
1074 2957 1241 3017 dolor
1268 2962 1576 3040 pietasque
1603 2962 1799 3017 virum
1824 2963 2146 3039 magnique
2172 2958 2455 3019 Iohannis

818 3062 1017 3139 pulsat
1044 3081 1211 3118 amor
1232 3071 1485 3118 mentes.
1570 3058 1803 3139 placido
1826 3061 2006 3119 modo
2031 3072 2270 3139 pectore
2298 3065 2499 3122 vultus

819 3172 1046 3238 versat,
1092 3173 1152 3221 et
1180 3164 1452 3221 absentes
1481 3164 1697 3220 animis
1726 3161 2010 3243 auditque
2035 3161 2318 3243 videtque

821 3265 1139 3340 sollicitus,
1188 3263 1617 3346 dominumque
1641 3276 1808 3344 rogat
1836 3285 1943 3344 pro
1972 3268 2214 3323 nomine
2245 3267 2395 3323 tanti

820 3384 1047 3445 proque
1076 3368 1264 3425 salute
1293 3365 1480 3425 ducis.
1566 3370 1792 3446 pavitat
1821 3387 2140 3447 secumque
2166 3369 2414 3440 volutat,

654 3467 778 3529 280
820 3477 997 3547 atque
1026 3471 1241 3528 animis
1270 3480 1395 3527 tam
1425 3467 1571 3527 dura
1600 3480 1818 3548 putans
1845 3471 1946 3547 pia
1975 3468 2150 3527 corda
2184 3469 2414 3545 fatigat.

821 3587 940 3648 quo
966 3580 1134 3647 pater
1155 3573 1257 3629 ille
1282 3569 1462 3630 modo
1478 3616 1494 3646 ,
1540 3590 1658 3652 quo
1683 3591 1843 3628 nunc
1868 3572 2212 3628 Recinarius
2238 3589 2375 3644 una,

824 3671 1050 3728 scilicet
1078 3674 1324 3734 infando
1357 3678 1662 3733 tristantur
1691 3683 1927 3752 pectora
1958 3692 2119 3730 casu.

826 3771 993 3831 ardet
1015 3773 1176 3833 adire
1204 3779 1396 3852 viam,
1454 3773 1699 3834 dilectas
1728 3794 1965 3846 cernere
1992 3784 2252 3848 turmas,

829 3878 1027 3935 oscula
1054 3878 1151 3935 vel
1184 3879 1403 3956 plantis
1429 3889 1638 3957 optans
1667 3875 1906 3935 libanda
1933 3876 2236 3953 magistri3

660 4088 765 4143 204
794 4106 935 4142 amor
964 4092 1013 4142 Τ
1109 4093 1211 4145 206
1243 4092 1306 4144 im
1348 4109 1460 4144 esas
1487 4092 1557 4156 Τ,
1582 4071 1592 4092 ’
1630 4107 1827 4143 roceres
1851 4090 1915 4143 M
2009 4093 2110 4143 208
2143 4087 2332 4140 amicus
2360 4088 2410 4139 Τ
2502 4088 2602 4140 211
2629 4085 2762 4136 sorte
2791 4085 2844 4136 Τ

664 4161 769 4212 212
796 4161 1009 4213 retende
1036 4161 1084 4212 Τ
1245 4165 1307 4214 21
1378 4168 1547 4231 putem
1604 4162 1730 4212 icam
1756 4177 1819 4211 ue
1845 4163 1894 4210 Τ
2046 4159 2147 4210 216
2179 4157 2361 4210 timore
2388 4156 2440 4208 Τ
2590 4155 2689 4206 217
2728 4171 2837 4204 mo-

664 4246 771 4280 rem
817 4232 867 4281 Τ
1120 4229 1222 4283 220
1275 4230 1505 4282 laborant
1548 4229 1735 4297 quique
1785 4225 2022 4295 magistro
2068 4227 2131 4278 Μ
2377 4226 2480 4280 222
2536 4224 2743 4276 fletum
2793 4224 2845 4274 Τ

662 4300 762 4353 225
798 4299 1083 4369 quodppee.
