3210 5200
983 445 1096 511 DE
1127 445 1558 513 ,LAUDIBUS
1609 445 1941 515 IUSTIM.
2407 449 2552 519 367

368 614 656 671 observat.
689 610 971 690 Curopal.
999 611 1234 689 tzangi'a
1258 623 1462 685 vocat,
1508 613 1569 668 in
1617 612 1830 693 quibus
1853 612 2047 690 lapilli
2080 616 2140 669 e't
2174 614 2543 690 margaritae,

365 708 424 755 et
464 698 584 756 alio
631 697 764 755 loco
795 692 1052 778 τζᾶγκαν
1083 708 1346 775 usurpat.
1417 695 1754 756 'dic-tionem
1786 717 1914 756 esse
1944 699 2260 772 Turcicam
2289 700 2417 755 vult
2442 702 2544 755 lu·-

363 783 529 857 nius,
575 792 754 861 atque
795 779 893 840 his
935 782 1046 839 soli
1089 783 1468 860 imperatores
1497 782 1831 840 utebantur.
1875 784 2157 843 Dsnrsr.
2238 783 2329 838 Fl.
2360 784 2545 861 Vopi*

364 885 498 924 scus
542 867 608 923 in
652 868 774 924 vita
811 866 1118 924 Aureliani
1161 867 1361 925 scribit
1397 887 1535 924 eum
1574 869 1783 925 tulisse
1820 869 1959 950 viris
2005 866 2277 924 omnibus
2317 866 2545 925 calceos

363 950 638 1022 mulleos,
683 970 764 1008 ex
795 970 916 1031 quo
941 951 1268 1009 Salmasius
1297 952 1523 1029 colligit
1543 960 1670 1010 ‘non
1697 962 1833 1010 ante
1859 953 2251 1009 Aurelianum
2272 953 2540 1030 proprios

363 1044 597 1093 tantum
639 1035 825 1094 fuisse
868 1038 1290 1115 imperatorum
1330 1037 1559 1095 calceos
1609 1037 1849 1109 rubros,
1912 1055 2060 1117 quos
2108 1033 2322 1094 censet·
2348 1034 2545 1095 dictos

363 1140 495 1179 esse
526 1119 775 1178 mulleos
801 1141 835 1180 a
863 1123 1024 1199 pisce
1056 1118 1232 1179 huius
1255 1122 1535 1180 nominis.
1625 1124 1924 1180 enimvero
1950 1122 2251 1199 Oppianus
2277 1122 2535 1178 Halieut.

367 1209 396 1268 1
448 1206 572 1268 180
613 1206 766 1263 rosei
808 1206 1017 1264 coloris
1049 1203 1211 1263 hunc
1239 1209 1465 1283 piscem
1495 1202 1672 1279 facit3
1721 1217 1779 1264 et
1812 1208 2038 1265 Seneca
2066 1209 2201 1263 Nat.
2232 1206 2467 1276 Quaest.
2500 1210 2542 1269 3

362 1291 475 1353 18:
519 1289 676 1346 nihil
714 1300 821 1359 est,
863 1291 1060 1369 inquit
1077 1335 1094 1363 ‚
1138 1291 1326 1348 mullo
1368 1292 1703 1367 exspirante
1722 1292 2075 1369 jbrmosius.
2164 1292 2299 1366 ipsa
2346 1289 2539 1346 collu-

233 1436 245 1449 ⁸
359 1375 612 1430 ctatimze
634 1376 904 1431 animam
927 1377 1137 1453 agenti
1158 1375 1646 1453 rubor-primum,
1689 1376 1899 1433 deinde
1912 1374 2118 1452 pallor
2142 1373 2531 1453 stqffitnditur.

355 1468 657 1536 praeterea
675 1504 692 1532 ,
748 1461 801 1516 si
850 1461 1094 1517 Festum
1142 1459 1314 1518 audis
1330 1506 1345 1533 ‚
1406 1460 1643 1519 mulleis
1689 1460 1905 1517 calceis
1950 1479 2115 1537 reges
2155 1457 2539 1516 Albanorum

349 1544 538 1619 primi
580 1545 675 1600 usi
717 1554 882 1616 sunt5
928 1555 987 1601 et
1017 1546 1130 1602 Dio
1159 1544 1240 1607 43
1287 1546 1366 1609 48
1385 1589 1400 1619 ,
1445 1544 1692 1603 tradens-
1718 1546 1937 1602 Iulium
1964 1545 2278 1602 Caesarem
2305 1544 2536 1601 calcea-

353 1629 575 1685 mentis
610 1630 700 1684 uti
741 1626 1040 1687 interdum
1085 1631 1458 1688 consuevisse
1504 1649 1918 1707 moreregum
1957 1630 2061 1708 qui
2100 1629 2300 1686 Albae
2320 1648 2534 1706 regna-

358 1722 516 1786 runt,
561 1710 723 1791 quod
752 1714 911 1792 ipsos
943 1733 1161 1792 genere
1191 1718 1558 1793 contingeret
1586 1726 1827 1795 propter
1857 1716 2097 1786 Iulium,
2140 1714 2340 1771 scribit
2374 1713 2533 1793 quod

359 1797 772 1856 calceamentis
804 1799 1107 1858 altioribus
1135 1810 1193 1857 et
1218 1800 1379 1857 rubri
1404 1801 1615 1858 coloris
1644 1799 1934 1856 utebatur.
2024 1800 2217 1855 Foco.

531 1886 668 1947 113.
754 1886 1122 1963 mysterium]
1170 1884 1331 1964 quod
1373 1887 1436 1941 in
1479 1885 1775 1963 syllabam
1819 1894 2052 1962 peccat,
2097 1902 2215 1939 non
2258 1884 2385 1940 sine
2425 1903 2530 1940 sua

359 1968 583 2024 ratione
628 1967 802 2025 facit:
845 1988 986 2027 nam
1034 1989 1153 2028 vox
1197 1971 1300 2027 illa
1346 1967 1575 2027 dudum
1614 1970 1905 2026 latinitate
1946 1977 2181 2045 recepta
2223 1977 2376 2041 erat,
2421 1988 2532 2025 nec

356 2046 480 2108 iam
521 2053 812 2131 originem
850 2074 1023 2113 suam
1060 2056 1391 2134 spectabat,
1432 2075 1544 2113 usu
1583 2052 1951 2111 Christianae
1993 2058 2240 2130 poeseos
2273 2053 2389 2110 alio
2422 2054 2529 2111 sse-

356 2146 569 2195 ctente.
655 2158 764 2216 per
788 2159 881 2196 res
907 2159 1105 2197 rerum
1138 2150 1482 2217 argumenta
1515 2137 1873 2196 indicantur.
1959 2137 2223 2193 Iulianus
2255 2139 2330 2194 lc
2360 2157 2412 2193 c.
2453 2143 2525 2201 11

355 2219 433 2279 ad
459 2225 531 2279 L.
553 2225 895 2303 Aquiliam:
942 2225 1136 2280 multa
1167 2235 1367 2281 autem
1407 2227 1538 2281 iure
1577 2224 1748 2281 civili
1771 2232 1977 2278 contra
2007 2224 2292 2277 rationem
2319 2221 2528 2297 dispu-

355 2306 529 2364 tandi
559 2328 676 2384 pro
720 2308 978 2364 utilitate
1016 2311 1314 2365 communi
1348 2320 1577 2385 recepta
1626 2328 1744 2365 esse
1785 2303 2318 2363 innumerabilibus
2357 2304 2531 2362 rebus

347 2389 600 2467 probari
612 2402 827 2469 potest.
898 2391 1290 2451 Claudianus:
1336 2412 1682 2472 quanquam
1708 2392 1897 2450 nullis
1919 2390 2070 2447 mihi
2090 2391 2331 2469 cognita
2355 2388 2528 2447 rebus

338 2474 700 2553 sabulavix
725 2487 891 2533 tanto
913 2479 1047 2534 risit
1072 2477 1145 2535 de
1169 2479 1414 2534 crimine
1435 2499 1657 2536 rumor.
1746 2479 1995 2535 BAnTn.

521 2560 603 2620 ib.
694 2564 1065 2641 mysterium]
1111 2565 1196 2622 sic
1238 2564 1393 2621 infra
1436 2563 1476 2627 4
1518 2561 1675 2627 274:
1718 2582 1795 2620 ne
1837 2579 2016 2643 quem
2055 2555 2316 2620 offendat
2352 2556 2528 2617 huius

353 2646 522 2705 verbi
564 2648 793 2727 syllaba
835 2658 1034 2706 contra
1066 2647 1406 2726 prosodiam
1436 2651 1725 2707 Graecam
1752 2658 2050 2726 correpta,
2095 2643 2403 2703 sciendum
2429 2665 2529 2702 sa-

353 2751 484 2790 cros
511 2739 718 2811 poetas
741 2734 868 2790 fere
895 2752 1102 2790 omnes
1131 2731 1205 2791 de
1230 2731 1522 2790 industri-a
1548 2734 1736 2792 solere
1766 2731 1880 2791 hoc
1908 2733 2203 2804 fact-itare,
2249 2741 2311 2787 ut
2340 2731 2529 2807 sylla-

352 2817 492 2891 bas,
537 2837 691 2897 quae
729 2815 890 2896 apud
929 2819 1183 2876 Graecos
1222 2820 1438 2896 longae
1470 2829 1641 2891 sunt,
1686 2820 1800 2896 ipsi
1827 2818 2035 2874 breves
2065 2817 2287 2873 faciant
2318 2817 2379 2870 iu
2408 2812 2525 2871 bu·-

350 2903 612 2960 iusmodi
641 2903 979 2974 nominibus
1006 2922 1158 2982 quae
1185 2923 1219 2960 a
1250 2905 1491 2961 Graecis
1519 2904 1777 2960 mutuati
1800 2912 1953 2960 sunt.
2031 2900 2307 2978 exempla
2336 2900 2526 2956 multa

348 2998 480 3044 tum
522 2986 682 3066 apud
717 2989 868 3046 alios
896 2991 1120 3066 passim
1151 2989 1326 3046 obvia
1357 2999 1494 3047 sunt
1521 2999 1652 3046 tum
1681 2985 1841 3067 apud
1870 2985 2290 3058 Prudentium,
2335 2985 2437 3043 ubi
2468 2994 2525 3041 et

348 3073 599 3131 Victoris
627 3074 878 3132 Giselini
905 3071 1303 3132 eruditissima
1331 3071 1560 3132 scholia
1588 3071 1703 3131 hoc
1730 3076 1929 3152 ipsum
1952 3070 2293 3130 admonent.
2338 3071 2529 3126 Rrrr.

518 3159 660 3221 114.
748 3178 824 3216 an
851 3160 1070 3216 melius
1096 3159 1278 3217 forte:
1317 3170 1372 3215 et
1396 3170 1554 3217 coeto
1582 3159 1823 3216 lucidus
1853 3156 2049 3215 ostro?
2133 3165 2200 3212 ut
2223 3154 2523 3229 Virgilius,

349 3261 531 3322 quem
569 3244 834 3302 imitatur
874 3245 1142 3322 saepius,
1186 3254 1242 3300 et
1268 3255 1427 3300 coeto
1455 3246 1678 3300 murice
1708 3246 1976 3299 tinctum.
2069 3238 2175 3298 sed
2205 3257 2327 3295 non
2353 3256 2523 3316 opus,

349 3337 410 3383 et
434 3330 624 3405 magis
651 3338 740 3386 est
773 3338 839 3384 ut
864 3329 1171 3406 vulgatam
1193 3327 1558 3406 praeferam,
1601 3329 1872 3406 quamvis
1902 3324 2141 3383 lucidus
2167 3334 2322 3381 recte
2346 3342 2523 3380 voce-

349 3421 447 3467 tur
476 3415 528 3470 is
561 3415 665 3493 qui
691 3431 950 3490 purpura
979 3422 1069 3471 est
1097 3411 1375 3487 indutus,
1420 3430 1537 3491 quo
1573 3408 1756 3467 modo
1794 3420 1852 3466 et
1888 3411 2089 3466 lumen
2121 3407 2195 3466 de
2228 3426 2527 3485 purpureo

352 3495 550 3554 colore
592 3517 662 3555 ac
698 3516 957 3575 purpura
1001 3496 1236 3555 dicitur.
1317 3493 1460 3553 'vide
1504 3495 1759 3553 Salmas.
1799 3492 1876 3550 ad
1911 3494 2167 3550 Termll.
2208 3492 2361 3549 Pall.
2401 3510 2452 3545 c.
2488 3495 2518 3554 1

349 3600 411 3658 p.
437 3581 544 3644 96.
628 3583 915 3642 Ramires.
944 3578 1431 3641 Pentecontarch.
1460 3599 1510 3637 c.
1535 3583 1576 3641 2
1598 3578 1701 3634 fin.
1788 3580 2027 3635 Voncn.

515 3664 601 3724 ib.
685 3668 886 3745 meto]
944 3667 1154 3725 malim
1177 3667 1383 3746 sacto,
1438 3662 1553 3723 hoc
1591 3673 1680 3721 est
1720 3662 2038 3720 elaborato.
2126 3659 2334 3735 Virgil.
2372 3659 2523 3715 Aen.

353 3753 431 3814 10
473 3749 599 3815 627
614 3770 633 3809 .·
691 3755 1008 3809 sunt‘auri
1035 3755 1308 3829 pondera
1331 3751 1504 3829 faeti
1517 3792 1541 3820 ‚
1597 3748 1921 3826 infectique
1961 3743 2129 3803 mihi.
2221 3752 2308 3799 est
2346 3743 2526 3820 igitur

349 3853 562 3893 aurum
599 3838 840 3909 factum,
863 3856 1075 3895 aurum
1110 3858 1232 3898 non
1270 3835 1453 3911 rude,
1504 3831 1613 3893 sed
1645 3834 2042 3905 elaboratum,
2086 3848 2168 3886 ex
2196 3846 2314 3907 quo
2343 3830 2525 3883 uimi-

348 3938 484 3976 rum
513 3920 737 4001 aliquid
763 3923 991 3980 fact‘um
1021 3924 1118 3981 sit.
1205 3924 1440 4000 Ulpian.
1469 3921 1514 3977 l.
1601 3920 1753 3976 Cum
1787 3936 2017 3976 aurum.
2103 3915 2178 3969 D.
2208 3911 2281 3971 de
2310 3932 2434 3970 aur.
2466 3923 2524 3968 et

350 4021 478 4080 arg.
520 4005 701 4081 legat.
721 4023 741 4062 ι
805 4029 944 4066 eum
987 4029 1209 4066 aurum
1249 4007 1350 4064 vel
1386 4015 1703 4083 argentum
1750 4004 2016 4081 legatum
2055 4010 2174 4070 eat,
2234 3995 2531 4076 quidquid

350 4089 492 4143 auri
528 4092 877 4168 argentique
909 4092 1182 4151 relietum
1207 4099 1292 4149 est
1315 4091 1511 4168 legate
1539 4092 1894 4157 continetur,
1936 4088 1991 4144 si
2002 4085 2251 4164 sactum
2274 4086 2397 4141 sive
2430 4082 2525 4138 in-

333 4171 574 4250 fletum
596 4175 696 4230 sit.
784 4177 979 4235 Foco.

524 4257 662 4320 115.
747 4259 1044 4338 fulgorem
1086 4263 1270 4320 baltei
1314 4261 1524 4320 sumsit
1568 4278 1600 4315 a
1644 4260 1887 4315 Marone
1929 4266 2238 4314 mutuum:
2313 4247 2525 4325 infilix
2638 4248 2646 4254 '

348 4340 593 4399 humen>
646 4362 783 4400 cum
830 4349 1120 4423 apparuit
1169 4346 1291 4404 alto
1337 4345 1565 4403 balteus
1582 4385 1607 4413 ,
1654 4355 1706 4400 et
1752 4343 1905 4399 notis
1924 4340 2241 4418 fulserunt
2282 4331 2530 4408 cingula

350 4425 554 4485 bullis.
648 4437 738 4486 est
775 4448 916 4488 vero
946 4428 1174 4488 balteus
1198 4443 1322 4490 tam
1343 4428 1635 4488 muliebre
1673 4445 1854 4507 quam
1880 4426 2050 4483 virile
2086 4431 2420 4501 gestamen,
2469 4425 2532 4472 ut

443 4536 640 4590 March.
686 4543 735 4590 ct
779 4537 895 4590 Cor.
2036 4519 2118 4577 23
