3210 5200
1149 471 1638 545 PRAEFATIO.
2291 494 2479 552 'xxxv

288 647 409 727 lige
442 687 455 703 .
484 653 839 723 petrarcam
876 683 889 697 .
933 641 1080 719 quia
1108 638 1355 699 libenter
1394 653 1465 701 ut
1490 653 1661 722 poete
1690 656 2111 704 consueverunt
2135 644 2480 708 morabatur

290 753 357 807 in
388 746 553 806 silvis
583 788 597 803 .
631 753 690 801 et
719 743 868 800 locis
898 743 1185 799 solitarias
1217 754 1329 802 etc.

455 852 727 906 Iamvero
778 862 860 903 ex
900 846 1245 903 recensione
1300 840 1572 903 codicum
1595 888 1613 920 ‚
1689 842 1795 924 qui
1836 864 2019 924 opera
2056 866 2181 906 mss
2220 845 2352 906 Ioh.
2401 853 2476 911 L.

293 949 371 1010 de
411 953 596 1008 Bonis
644 949 975 1020 continent,
1021 947 1199 1005 facile
1247 950 1500 1028 quisque
1542 964 1791 1024 arguere
1825 951 2044 1025 poterit
2076 969 2214 1008 eum
2243 948 2480 1012 Medio-

294 1053 426 1109 lani
454 1050 687 1128 degisse
712 1060 886 1128 atque
915 1047 1015 1107 hic
1042 1048 1244 1108 fixisse
1271 1069 1448 1109 suum
1481 1047 1873 1107 domicilium.
1959 1051 2023 1107 in
2058 1050 2319 1132 quodam
2346 1053 2480 1113 edi-

297 1163 398 1212 cto
429 1151 548 1210 diei
576 1152 650 1215 15
675 1151 1027 1209 Novembris
1059 1152 1200 1209 anni
1234 1149 1393 1215 1448
1413 1195 1430 1225 ,
1473 1152 1538 1208 in
1568 1168 1686 1229 quo
1723 1150 1925 1228 plures
1964 1166 2343 1214 recensentur
2371 1156 2482 1215 de-

297 1256 515 1313 bitores
554 1254 915 1331 reipublicae
954 1251 1452 1326 Mediolanensis‚
1496 1253 1879 1310 nominantur
1903 1255 2084 1312 etiam
2109 1254 2346 1314 heredes
2371 1257 2480 1316 do-

297 1356 452 1413 mini
476 1354 761 1412 Iohannis
786 1357 860 1414 de
883 1355 1124 1413 Areztb.
1217 1354 1443 1412 ibidem
1470 1374 1534 1412 re
1568 1374 1710 1412 vera
1745 1374 1866 1413 non
1905 1357 2124 1433 legitur
2153 1376 2481 1436 cognomen

298 1457 375 1515 de
397 1457 612 1526 Bonis,
645 1477 759 1514 nec
785 1457 1114 1516 secundum
1136 1477 1359 1516 nomen
1387 1458 1473 1527 L,
1509 1454 1670 1536 quod
1695 1467 1838 1534 puto
1869 1457 2053 1515 fuisse
2076 1459 2479 1531 Ludoviczim‚

296 1569 363 1618 ut
402 1561 525 1616 iam
555 1561 761 1616 innui:
807 1558 915 1618 sed
941 1581 1061 1619 non
1094 1563 1338 1618 omnino
1377 1570 1464 1617 est
1492 1557 1883 1637 improbabile
1917 1556 2175 1618 eundem
2199 1562 2384 1620 fuisse
2411 1582 2482 1620 ac

293 1672 572 1720 nostrum
609 1667 856 1739 poetam
884 1664 1241 1720 Arretinum.
1331 1681 1410 1719 ex
1442 1680 1560 1741 quo
1596 1680 1732 1717 cum
1755 1679 1895 1718 vero
1926 1663 2169 1740 propius
2195 1662 2296 1721 fiat
2329 1683 2478 1721 eun-

295 1763 449 1821 dem
494 1760 815 1819 Mediolani
862 1761 938 1819 ad
984 1776 1238 1823 mortem
1271 1783 1461 1843 usque
1502 1761 1868 1837 substitisse,
1916 1760 2058 1820 hinc
2091 1766 2271 1821 etiam
2302 1765 2481 1823 facile

298 1865 647 1941 colligimus
683 1862 975 1943 quomodo
1015 1865 1093 1923 ad
1122 1868 1311 1925 nostri
1347 1866 1559 1943 templi
1592 1866 1835 1922 maioris
1872 1862 2218 1924 devenerint
2231 1868 2345 1926 ‘isti
2379 1886 2482 1925 co-

297 1965 481 2025 dices.
567 1969 852 2023 nimirum
887 1968 987 2025 vel
1024 1970 1152 2046 ipse
1196 1979 1400 2026 auctor
1441 1965 1639 2025 eidem
1679 1984 1815 2025 suos
1854 1965 2037 2024 libros
2080 1967 2338 2045 legavit3
2382 1969 2482 2027 vel

298 2070 439 2142 alii,
485 2065 563 2125 ad
604 2087 857 2147 quorum
898 2087 1109 2127 manus
1158 2080 1552 2149 pervenerunt
1590 2069 1708 2146 ipsi
1744 2064 2008 2142 codices,
2067 2065 2132 2125 id
2170 2072 2485 2147 praestite-

299 2180 457 2229 runt.
550 2189 695 2227 nam
742 2181 972 2228 constat
1021 2192 1099 2229 ex
1141 2172 1379 2231 Philelfi
1426 2172 1740 2251 postremis
1780 2170 2030 2245 tabulis,
2099 2188 2246 2249 quas
2283 2181 2487 2229 noster

304 2273 520 2331 Saxius
549 2271 775 2351 publici
798 2274 947 2330 iuris
977 2273 1121 2330 fecit
1142 2278 1204 2331 in
1230 2274 1505 2331 Historia
1535 2270 2309 2350 (ypographico-litteraria
2341 2274 2486 2330 Me-

304 2373 635 2431 diolanensi
659 2377 988 2451 praemissa
1023 2376 1095 2432 ab
1125 2378 1405 2454 Argelato
1432 2372 1840 2432 Bibliothecae
1864 2374 2216 2450 scriptorum
2244 2373 2489 2430 Medio-

307 2475 676 2545 lunensium,
719 2495 859 2532 eum
902 2477 1215 2556 reliquisse
1258 2477 1541 2536 ecclesiae
1581 2486 1817 2533 nostrae
1861 2476 2073 2533 maiori
2104 2475 2373 2553 proprios
2403 2475 2487 2531 li-

304 2577 477 2652 bros,
520 2579 676 2635 inter
712 2597 857 2658 quos
899 2580 1111 2657 procul
1159 2577 1339 2638 dubio
1374 2579 1488 2636 fuit
1519 2573 1712 2635 codex
1751 2576 1856 2635 ille
1895 2577 2312 2654 epistolarum,
2360 2578 2484 2657 qui,

304 2690 378 2737 ut
406 2682 530 2736 iam
562 2681 797 2753 monui,
839 2699 872 2736 a
905 2681 1272 2737 curatoribus
1309 2677 1662 2758 supradictis
1698 2676 1774 2734 ad
1803 2675 2211 2736 marchionem
2238 2675 2490 2737 Trivul-

302 2783 462 2840 tium
502 2778 834 2838 divenditus
874 2782 1010 2838 fuit.
1099 2801 1241 2839 sane
1273 2800 1458 2861 penes
1490 2790 1786 2838 curatores
1814 2778 2056 2838 eosdem
2082 2781 2311 2837 exstitit
2342 2781 2490 2838 olim

300 2880 662 2940 bibliotheca
680 2927 695 2956 ‚
744 2901 898 2960 quae
928 2883 1100 2940 Saxii
1128 2885 1316 2941 nostri
1346 2882 1721 2961 diligentiam
1749 2880 1985 2960 effugit,
2028 2883 2131 2940 ubi
2156 2883 2492 2939 luculenter

300 2982 380 3041 de
428 2982 977 3043 Mediolanensibus
1042 2984 1418 3044 bibliothecis
1475 2988 1736 3065 antiquis
1776 2987 2052 3043 tractavit
2095 2984 2158 3040 in
2200 3003 2307 3042 suo
2336 3003 2491 3061 pro-

299 3086 508 3143 dromo
558 3084 630 3142 de
671 3085 890 3142 studiis
936 3086 1235 3144 litterariis
1270 3087 1816 3145 Mediolanensium
1852 3088 1940 3144 ad
1971 3104 2120 3145 mox
2146 3087 2243 3143 cit.
2273 3086 2490 3142 Histo—

298 3190 462 3245 riam
499 3187 1345 3265 ijrpograplzico-litterariam
1383 3209 1433 3245 c.
1463 3193 1504 3251 2
1544 3192 1657 3248 col.
1686 3193 1727 3252 7
1761 3201 1819 3249 et
1843 3208 2011 3269 seqq.
2097 3208 2271 3267 porro
2294 3191 2488 3246 Anto-

295 3293 445 3347 nius
474 3309 552 3346 ex
580 3288 1025 3349 marchionibus
1058 3293 1421 3350 Salutiarum
1463 3302 1780 3371 nosterque
1823 3288 2330 3369 archiepiscopus,
2383 3289 2488 3367 qui

298 3393 456 3451 obiit
489 3391 566 3455 14
594 3388 720 3450 kal.
754 3395 988 3452 Octobr.
1019 3397 1159 3452 anni
1194 3393 1349 3457 1401
1383 3397 1552 3450 iuxta
1579 3394 1911 3450 Giulinium
1936 3395 1999 3450 in
2033 3389 2491 3450 Continnazione

296 3494 460 3553 delle
501 3497 777 3552 memorie
823 3496 890 3552 di
934 3497 1176 3555 Milano
1222 3500 1290 3554 P.
1342 3501 1378 3560 3
1429 3516 1489 3574 p.
1538 3498 1654 3568 59,
1713 3493 1910 3552 eidem
1948 3495 2207 3551 fabricae
2246 3492 2491 3549 maioris

294 3596 523 3674 templi
565 3615 732 3653 suam
776 3596 1203 3656 bibliothecam
1252 3599 1514 3677 reliquit.
1598 3592 1666 3652 id
1709 3597 1926 3672 colligo
1964 3615 2044 3652 ex
2075 3595 2227 3651 libro
2259 3611 2491 3669 expen-

291 3711 515 3757 sarum
561 3694 825 3754 eiusdem
868 3699 1127 3759 fabricae
1169 3703 1384 3778 scripto
1426 3718 1582 3756 anno
1622 3696 1784 3761 1430
1831 3696 1939 3754 fol.
1969 3699 2083 3769 88,
2141 3713 2221 3751 ex
2272 3712 2389 3773 quo
2426 3696 2491 3750 51¹

292 3800 457 3857 meis
504 3793 859 3858 adversariis
898 3803 1167 3880 pluribus
1208 3800 1424 3860 abhinc
1454 3801 1625 3857 annis
1654 3796 1810 3855 hanc
1836 3797 2253 3855 memoriolam
2284 3795 2490 3852 retuli:

294 3900 423 3958 Die
448 3901 689 3957 veneris
717 3899 864 3959 XV.
910 3904 1289 3981 Septembris.
1389 3903 1737 3980 Capitulum
1762 3901 2134 3958 dominorum
2162 3896 2498 3954 ordinario-

294 4022 439 4059 rum
460 4002 707 4059 ecclesie
735 4001 972 4062 domine
992 4019 1194 4064 sancte
1214 4008 1421 4065 Marie
1447 4007 1688 4062 maioris
1714 4002 2055 4060 mediolani.
2146 4002 2269 4058 Pro
2299 4019 2496 4055 eorum

293 4105 782 4161 remuneratione
804 4106 1079 4166 Annalis
1102 4108 1603 4167 Reverendissimi
1630 4109 1694 4165 in
1725 4106 1939 4163 christo
1961 4103 2162 4181 patris
2194 4100 2497 4180 quondam

291 4204 542 4261 dommi
588 4204 857 4264 Antonii
901 4210 974 4267 de
1024 4212 1262 4270 salutii-s
1321 4212 1464 4269 olim
1516 4208 1973 4285 Archiepiscopi
2029 4201 2502 4263 Mediolanensi&

284 4305 617 4365 Amanum
631 4308 842 4381 fiendi
868 4313 1037 4372 iuxta
1063 4316 1474 4392 previa-ionem
1531 4311 1846 4391 superinde
1861 4308 2110 4388 saetam
2140 4316 2206 4363 ut
2237 4301 2497 4360 contine-

286 4420 398 4468 tur
426 4410 504 4468 in
536 4406 688 4468 libPo
714 4415 1140 4489 previa-ionum
1155 4420 1258 4498 fi).
1300 4386 1903 4478 GCCBLXXXVJ.
1980 4411 2164 4468 Cuius
2190 4401 2503 4461 ocoaxione
