3210 5200
685 355 830 427 388
1339 352 1623 420 NOTAE
1668 351 1760 419 m
1797 351 2120 419 LIBRUM
2154 351 2218 419 11

684 541 825 580 eum
849 516 1275 600 explicandum
1298 517 1514 577 institit
1536 518 1658 593 via,
1703 536 1839 576 cum
1864 518 2075 576 ceteris
2105 516 2427 578 aben-asse.
2483 519 2691 601 itaque
2716 523 2859 582 nul-

682 608 913 666 latenus
957 623 1191 677 cursor,
1248 602 1358 662 sed
1388 604 1645 682 populus
1686 604 1755 661 in
1796 603 1951 662 circo
1987 602 2267 662 collectus
2301 602 2612 663 lacernam
2643 610 2854 685 posuit,

684 693 852 751 cuius
877 690 1063 747 moris
1090 698 1304 747 testem
1330 685 1525 747 habeo
1555 688 1909 748 Suetonium
1935 685 2145 746 claud.
2178 707 2232 747 c.
2257 690 2317 763 6,
2364 688 2471 747 ubi
2495 699 2563 747 ut
2587 710 2857 771 compro-

682 776 788 835 bet
819 770 1068 832 Claudio
1094 793 1404 876 nunquam
1430 784 1531 832 aut
1558 772 1823 832 officium
1845 770 2161 831 hominum
2189 782 2292 830 aut
2326 777 2720 834 reverentiam
2739 797 2857 856 pu-

683 861 909 919 blicam
938 854 1228 934 defuisse,
1300 860 1534 918 etiamsi
1573 856 1651 915 ad
1700 860 1889 918 otium
1930 859 2317 917 concessisset
2360 868 2421 918 et
2462 860 2754 921 ebrietatis
2798 873 2858 922 et

689 945 858 1003 aleae
900 962 1136 1025 quoque
1171 903 1484 1002 infamiam
1507 944 1767 1018 subiret,
1825 921 2144 1002 Suetonius
2181 940 2299 1002 hoc
2338 955 2663 1023 memorat,
2704 948 2866 1026 quod

687 1029 830 1089 ordo
860 1040 1119 1108 equester
1140 1029 1494 1108 spectaculis
1518 1028 1861 1086 advenienti
1869 1048 2182 1109 assurgere
2205 1038 2264 1084 et
2287 1027 2561 1087 lacernas
2583 1030 2864 1109 deponere

688 1112 931 1173 solebat.
1021 1124 1336 1194 utriunque
1361 1133 1594 1173 morem
1624 1122 1753 1171 tum
1782 1111 2131 1192 assurgendi
2153 1122 2285 1170 tum
2312 1112 2652 1193 deponendi
2672 1117 2865 1175 lacer-

688 1219 831 1274 nas,
889 1209 955 1257 ut
986 1219 1144 1257 nunc
1167 1199 1428 1278 pileum,
1486 1198 1709 1257 indicat
1740 1200 2065 1278 corippus3
2128 1207 2187 1257 et
2231 1201 2372 1278 quia
2413 1197 2572 1258 hauc
2617 1202 2867 1261 alteram

686 1282 934 1344 honoris
956 1286 1216 1363 speciem
1239 1285 1540 1343 Ferrarius
1567 1283 1642 1341 de
1665 1303 1729 1340 re
1755 1293 1899 1341 vest.
1927 1286 1970 1346 2
2009 1288 2039 1346 1
2073 1285 2154 1348 89
2180 1283 2255 1340 ab
2287 1303 2404 1342 uno
2429 1284 2717 1345 Suetonio
2751 1288 2867 1347 sibi

691 1367 1017 1427 iudicatam
1044 1367 1216 1445 dicit,
1261 1390 1338 1428 en
1359 1367 1540 1429 modo
1572 1370 1895 1447 Corippum
1920 1365 2106 1426 habes
2135 1365 2315 1428 huius
2338 1370 2519 1428 moris
2551 1370 2738 1429 alium
2769 1383 2865 1431 te-

692 1463 866 1513 stem.
949 1455 1147 1515 Foce.

860 1538 1006 1603 294.
1092 1536 1254 1597 haud
1300 1558 1503 1598 moror
1528 1537 1726 1597 dicere
1758 1538 1933 1619 quale
1965 1537 2386 1597 vestimentum
2414 1548 2569 1598 esset
2598 1538 2864 1614 lacer-tuq

693 1621 805 1683 sed
830 1626 972 1705 quia
994 1625 1233 1703 pluviae
1263 1643 1332 1682 ac
1355 1625 1593 1702 frigoris
1626 1642 1821 1696 causa,
1867 1624 2216 1703 praesertim
2242 1626 2307 1682 in
2332 1621 2565 1683 theatro
2595 1643 2665 1683 ac
2690 1623 2871 1685 ludo-

694 1706 2163 1872 ffiffiiffissfflssfinssffissmm'ffifflffss.
2185 1711 2874 1874 ξιῖἷίἷῗοιὲοἶῗὲὲίῗὲ

694 1877 1035 1935 Novembri.
1117 1880 1314 1937 Foco.

861 1962 1009 2027 295.
1093 1961 1389 2042 monada]
1433 1959 1549 2020 hoc
1574 1971 1666 2020 est
1685 1961 1940 2032 hilar-ist,
1979 1961 2346 2033 iocabunda,
2386 1963 2567 2023 laeta.
2657 1968 2871 2025 iucun-

699 2043 829 2104 dari
872 2048 1035 2105 enim
1071 2046 1188 2107 hoc
1224 2066 1412 2126 genus
1450 2047 1835 2127 scriptoribus
1873 2048 2036 2106 valet
2060 2049 2291 2106 laetum
2322 2046 2689 2131 hilaremque
2717 2072 2869 2127 esse,

699 2141 762 2191 et
794 2133 878 2189 ita
903 2133 967 2189 in
995 2151 1173 2191 voces
1197 2152 1371 2211 pares
1392 2134 1451 2190 ei
1474 2131 1714 2190 affectui
1736 2152 2066 2212 erumpere.
2150 2134 2440 2192 Pacianus
2462 2137 2867 2197 Paraenetico·

703 2217 944 2275 ἡὺίἰιία
972 2217 1366 2288 iucunditate,
1406 2219 1698 2295 asperitas
1721 2217 1962 2276 lenitate
1984 2218 2329 2277 emendatae
2339 2219 2682 2297 proficimu-
2739 2225 2872 2282 Eu-

701 2302 901 2380 logius
939 2302 1048 2361 lib.
1096 2307 1130 2367 1
1176 2304 1541 2362 Memorialis
1582 2303 1968 2362 Sanctorum:
2038 2324 2176 2384 ergo
2213 2303 2359 2362 libet
2390 2306 2566 2376 mihi,
2618 2307 2876 2386 fratres,

693 2386 1026 2465 paululum
1051 2388 1437 2447 &mundantis
1458 2408 1619 2445 more
1647 2386 1813 2467 loqui
1836 2387 2164 2459 vobiscum,
2220 2398 2281 2446 et
2303 2409 2425 2467 pro
2462 2391 2709 2452 caritate
2744 2412 2877 2451 ver-

704 2469 949 2544 bosum,
1007 2494 1184 2553 quem
1226 2494 1297 2531 ex
1334 2472 1643 2531 dilectione
1687 2473 1909 2532 Christi
1950 2475 2189 2532 cernitis
2228 2475 2297 2532 in
2333 2473 2620 2535 laudibus
2658 2480 2879 2536 vernn·

700 2561 1400 2619 sanceorum.13im·n.

869 2647 1038 2709 296.
1094 2643 1371 2724 Iter-Hm]
1420 2644 1578 2703 infra
1600 2640 1643 2707 4
1673 2646 1796 2708 868
1839 2641 1947 2703 diu
1971 2646 2188 2702 nulla
2169 2665 2236 2702 ιιι
2263 2648 2620 2726 spectaculis
2657 2646 2877 2708 discre—

706 2729 825 2803 tio,
871 2728 981 2788 sed
1014 2733 1350 2810 promiscue
1389 2731 1608 2809 vulgus
1653 2749 1790 2787 cum
1831 2740 2043 2788 senatu
2086 2728 2304 2789 iisdem
2340 2730 2624 2810 gradibus
2667 2732 2876 2795 sedens

705 2815 1030 2892 spectabat.
1118 2813 1356 2875 discreti
1385 2824 1591 2893 postea
1618 2815 1691 2873 ab
1721 2815 2103 2892 optimatibus
2127 2816 2365 2893 plebei,
2409 2828 2470 2875 et
2492 2816 2632 2876 data
2652 2817 2876 2878 ordini-

705 2897 820 2955 bus
849 2917 956 2956 sua
984 2890 1274 2977 dignitas,
1335 2901 1406 2957 P.
1435 2900 1732 2979 Scipionis
1757 2900 2024 2957 Africani
2053 2903 2294 2960 maioris
2324 2904 2635 2962 consulatu
2665 2925 2875 2964 secun-

709 2977 807 3054 do,
851 2984 1104 3061 septimo
1135 3002 1290 3041 anno
1319 2993 1454 3060 post
1485 2981 1814 3041 secundum
1840 2984 2064 3042 bellum
2089 2987 2402 3045 Punicum.
2455 2989 2698 3048 Tullius
2730 2991 2873 3048 Cor-

707 3065 980 3143 neliana,
1015 3067 1211 3128 Valer.
1238 3070 1405 3125 Max.
1435 3070 1476 3129 2
1511 3072 1567 3129 1.
1654 3066 1816 3124 sede-⁹
1842 3088 2017 3147 porro
2048 3069 2255 3129 herilis
2278 3073 2443 3131 locus
2475 3084 2566 3132 est
2590 3076 2701 3134 soli
2726 3075 2873 3132 Cae-

706 3153 828 3209 sari
876 3172 1208 3212 concessus.
1285 3149 1537 3230 podium
1573 3152 1834 3232 appellat
1860 3154 2218 3213 Suetonius
2200 3176 2265 3213 m
2289 3159 2522 3216 Nerone
2555 3165 2653 3234 12,
2696 3160 2876 3241 Spar-

707 3236 852 3293 tian.
893 3238 958 3293 ιιι
998 3239 1240 3297 Severo.
1324 3240 1531 3296 Iuven.
1575 3241 1647 3311 2,
1706 3248 1774 3296 ut
1804 3248 2036 3297 taceam
2067 3241 2436 3318 Vitruvium,
2495 3243 2770 3307 omnibns
2798 3243 2885 3304 ad

699 3317 956 3398 podium
976 3319 1394 3399 spectantibus.
1482 3323 1765 3397 Deurs'r.

876 3408 1022 3470 299.
1109 3406 1409 3486 egreditur
1447 3428 1585 3465 cum
1618 3393 1750 3466 luce
1776 3411 1919 3489 sua]
1967 3410 2508 3489 elegantissimum:
2550 3412 2674 3471 dies
2717 3414 2882 3472 enim

710 3490 926 3550 clarior
965 3490 1094 3551 fieri
1138 3490 1374 3551 videtur
1416 3503 1629 3552 exortu
1667 3494 1833 3552 velut
1879 3496 2184 3573 principis.
2270 3497 2356 3554 sic
2401 3495 2763 3557 Claudianus
2805 3496 2879 3556 de

712 3573 1076 3636 Stilichone:
1135 3578 1342 3637 sideris
1381 3578 1573 3637 instar
1611 3580 1850 3637 emicuit
1891 3578 2238 3638 Sala-hom
2286 3602 2457 3660 apex.
2544 3586 2633 3642 sic
2677 3586 2878 3642 Livius

712 3663 927 3719 exoriri
949 3664 1170 3742 equites
1194 3662 1519 3721 auxiliares
1543 3663 1787 3766 afflictis
1822 3663 1976 3723 dixit
2006 3665 2112 3722 lib·
2144 3667 2246 3728 29.
2332 3669 2418 3725 sic
2447 3671 2610 3726 enim
2644 3678 2708 3726 ut
2742 3688 2883 3724 cae-

711 3744 878 3804 lestis
925 3748 1141 3828 aliquis
1187 3749 1386 3827 fulgor
1422 3750 1488 3804 ιιι
1532 3750 1817 3828 principis
1862 3748 2119 3808 adventu
2164 3754 2499 3830 suspicitur.
2600 3754 2884 3831 Papinius

711 3830 848 3889 silv.
878 3829 918 3893 4
948 3834 1259 3892 consulatu
1285 3836 1361 3895 17
1387 3833 1748 3892 Domitiani.
1805 3835 2213 3915 insignemque
2252 3839 2448 3914 aperit
2497 3839 2887 3897 Germanicus

707 3935 967 3987 annum,
1016 3929 1195 3998 atque
1226 3919 1414 3977 oritur
1437 3937 1576 3974 cum
1599 3918 1720 3976 sole
1746 3940 1922 3991 novo,
1977 3942 2113 3980 cum
2136 3921 2493 4001 grandibus
2500 3925 2705 3994 astri-5,
2754 3922 2885 3979 cla-

705 4002 840 4063 rius
882 4002 1007 4081 ipse
1045 4006 1237 4063 nitens
1284 4022 1341 4061 a
1382 4003 1579 4082 primo
1623 4006 1814 4064 maior
1851 4006 1998 4065 Eoo.
2089 4008 2479 4066 Mamertinus
2522 4008 2887 4088 Panegyrico

709 4284 842 4353 tris,
879 4285 1092 4341 desidi-e
1111 4302 1211 4341 nen
1232 4286 1424 4356 audeo)
1446 4289 1783 4387 deposuerit,
1821 4308 1987 4362 eoque
2005 4293 2122 4365 ipso
2142 4292 2384 4364 populum
2400 4291 2653 4348 manarit
2673 4292 2891 4362 inpeta-

710 4358 876 4409 tom
894 4353 1062 4426 ipsun
1079 4355 1152 4410 ibi
1172 4362 1317 4410 certo
1340 4374 1449 4414 com
