3210 5200
530 348 657 397 vm
1412 326 1852 397 NIEBUHRH

475 508 480 517 ·
536 496 705 554 mina
745 494 972 575 pellere
1026 489 1185 552 dicat
1204 536 1221 568 ,
1283 514 1425 552 eum
1474 492 2138 553 consubstantiationem
2179 491 2442 571 aliquam
2489 490 2726 553 divinae

510 590 828 656 'essentiae
856 616 993 654 cum
1024 614 1178 675 aqua
1205 596 1271 653 in
1299 616 1466 655 sacro
1508 598 1744 655 lavacro
1788 592 2055 652 adhibita
2095 593 2210 651 sibi
2248 592 2471 672 fingere
2515 616 2727 655 mone-

537 702 713 774 bam3
757 697 824 757 id
852 718 990 756 vero
1017 700 1125 755 vix
1149 699 1215 755 in
1242 697 1645 758 Christianum
1667 696 1900 756 cadere.

365 825 418 880 p.
452 806 506 862 X
534 841 539 844 0
706 804 870 858 Haec
910 798 1244 859 meditabar
1285 802 1555 880 Sangalli
1575 846 1592 875 ,
1635 799 1883 860 Sidonio
1927 795 2349 857 Sirmondiano
2378 798 2725 875 destitutus3

534 925 721 988 -quem
748 906 801 963 si
824 905 1116 981 inspicere
1145 907 1493 982 potuissem,
1524 914 1650 962 tota
1676 903 2107 981 argumentatio
2139 899 2510 960 concidisset.
2593 925 2728 962 car-

540 1028 684 1066 men
728 1007 892 1065 enim
930 1004 1308 1063 Merobaudis
1350 1004 1427 1064 de
1471 1004 1702 1064 Christo
1745 1014 1977 1062 exstare
2027 1001 2199 1061 docet
2226 1000 2600 1062 doctissimus
2627 1007 2730 1063 ille

544 1108 780 1168 Sidonii
806 1116 1127 1165 enarrator.
1211 1105 1278 1165 id
1306 1106 1421 1166 hoc
1444 1107 1665 1167 indicio
1693 1108 1868 1165 facile
1891 1109 1954 1164 in
1979 1105 2234 1162 Fabricii
2264 1106 2605 1164 collectione
2632 1110 2731 1164 in-

545 1210 716 1281 veni,
765 1209 1117 1286 inscriptum
1155 1209 1550 1268 Merobaudis·
1586 1211 1864 1288 Hispani
1908 1208 2268 1265 801ιοὶαείὼὶ
2284 1230 2304 1264 .·
2355 1229 2529 1287 porro
2573 1208 2734 1268 hunc

545 1313 789 1369 titulum
818 1312 883 1367 in
907 1314 1310 1371 vetustissimo
1340 1315 1515 1388 libro,
1564 1332 1644 1376 ex
1673 1332 1790 1393 quo
1818 1296 2120 1369 Fabricius
2151 1331 2215 1369 se
2241 1308 2417 1368 edere
2444 1310 2605 1387 dicit,
2652 1317 2737 1371 ita

551 1415 837 1491 scriptum
877 1414 1174 1472 exstitisse
1193 1459 1209 1487 ‚
1251 1435 1430 1473 nemo
1479 1413 1792 1471 dubitabit.
1877 1411 2042 1470 idem
2084 1422 2284 1469 tamen
2327 1421 2542 1492 poema
2583 1419 2739 1474 inter

552 1513 866 1574 Claudiani
906 1534 1141 1596 quoque
1180 1519 1610 1595 epigrammata
1654 1525 1848 1572 exstat
1889 1508 2159 1595 (“proles
2187 1535 2328 1573 vera
2357 1510 2535 1597 dei’')
2555 1562 2570 1591 ‚
2620 1521 2740 1577 sci-

550 1618 690 1676 licet
720 1637 910 1675 unum
939 1636 1019 1673 ex
1045 1626 1322 1696 quattuor
1352 1619 1473 1676 illis
1506 1618 1864 1675 carminibus
1906 1635 2057 1695 quae
2091 1620 2178 1674 10.
2212 1620 2455 1677 Camers
2488 1619 2736 1696 addidit,

550 1740 729 1777 nemo
761 1720 914 1775 alius
941 1716 1260 1792 hactenus,
1306 1738 1491 1799 quum
1530 1720 1777 1798 plurimi
1799 1719 1865 1775 iu
1893 1715 2264 1775 conferendis
2292 1720 2604 1779 Claudiani
2635 1744 2741 1782 co-

554 1822 783 1880 dicibus
827 1821 1181 1893 laborarint,
1226 1822 1291 1877 in
1326 1823 1558 1898 scriptis
1592 1819 1761 1877 libris
1789 1820 2050 1892 invenit3
2091 1838 2161 1875 ac
2203 1838 2345 1876 sane
2382 1820 2508 1878 fieri
2545 1835 2743 1900 potest

553 1935 621 2003 ut
642 1925 882 1981 Camers
907 1942 1029 1979 non
1062 1921 1277 1980 codicis
1315 1925 1659 1981 auctoritate
1688 1920 1796 1980 sed
1827 1923 2192 1995 coniectura,
2236 1933 2478 2000 propter
2502 1944 2741 1983 carmen

552 2024 876 2099 Paschale,
926 2021 1087 2104 quod
1126 2022 1439 2111 Claudiani
1476 2045 1605 2083 esse
1641 2023 1990 2097 crediderit,
2035 2034 2234 2081 motus
2259 2026 2353 2081 illi
2383 2024 2745 2087 adscriberet

555 2148 709 2208 quae
743 2146 882 2185 eum
907 2135 1209 2183 auctorem
1235 2125 1456 2186 habere
1480 2138 1804 2209 nequeunt.
1865 2126 2169 2183 Fabricius
2198 2127 2566 2186 luculentum
2591 2130 2747 2189 illud

557 2250 797 2288 carmen
828 2250 864 2287 a
892 2229 1162 2288 Camerte
1198 2229 1425 2290 editum
1453 2252 1603 2305 esse,
1642 2229 1897 2288 editores
1927 2227 2239 2286 Claudiani
2269 2232 2462 2287 cuncti
2490 2230 2574 2307 id,
2610 2254 2747 2292 cum

557 2353 681 2392 non
712 2331 1046 2413 spernenda
1069 2333 1340 2393 lectionis
1367 2338 1686 2409 varietate,
1734 2330 1895 2412 apud
1923 2332 2262 2390 Fabricium
2299 2333 2588 2408 inveniri,
2635 2353 2749 2413 pa-

559 2438 702 2494 riter
737 2439 1180 2515 ignoraverunt.

728 2543 921 2599 Huius
965 2543 1146 2619 igitur
1184 2553 1312 2599 tam
1353 2544 1657 2603 manifesti
1685 2563 1755 2600 ac
1779 2562 1904 2600 non
1933 2542 2190 2621 suspecti
2217 2540 2542 2599 testimonii
2571 2537 2751 2597 fi‘dem

560 2644 1037 2703 cavillationibus
1083 2645 1317 2702 elevare
1352 2647 1508 2703 velle
1556 2648 1684 2702 viro
1729 2648 1899 2721 gravi
1935 2642 2253 2720 indignum
2282 2643 2470 2700 foret:
2513 2663 2656 2701 nam
2686 2654 2753 2701 ut

558 2741 755 2805 inesse
789 2745 1040 2802 carmini
1068 2763 1219 2822 quae
1247 2763 1460 2822 parum
1491 2742 1892 2804 orthodoxam
1918 2747 2261 2821 opinionem
2279 2743 2567 2823 prodant,
2599 2747 2752 2804 Ges-

558 2869 704 2907 nero
754 2843 1178 2919 concedamus,
1238 2843 1540 2902 ethnicum
1589 2842 1957 2902 Christianae
2002 2847 2306 2923 religionis
2348 2850 2629 2927 mysteria
2668 2850 2753 2906 ita

564 2960 836 3010 accurate
862 2959 1174 3021 tractasse,
1211 2966 1362 3028 quae
1392 2943 1625 3005 Barthii
1652 2948 1852 3024 opinio
1883 2957 1971 3005 est
2004 2946 2195 3027 (Adv.
2230 2954 2259 3012 1
2297 2955 2407 3029 7),
2445 2972 2754 3032 nunquam

562 3056 736 3112 nobis
775 3047 1122 3131 persuaderi
1153 3051 1439 3108 sinemus.
1528 3052 1765 3129 Itaque,
1811 3047 1971 3130 quod
2001 3071 2187 3109 unum
2218 3065 2517 3132 superest,
2561 3055 2755 3112 fatea-

562 3177 728 3231 mur,
787 3172 1154 3237 quamquam
1193 3172 1317 3211 non
1355 3154 1483 3210 sine
1525 3163 1798 3230 stupore,
1860 3151 2245 3213 statuendum
2286 3177 2416 3215 esse
2459 3160 2756 3216 exstitisse

566 3259 675 3317 sub
719 3261 923 3316 Leone
963 3276 1182 3334 magno
1222 3254 1498 3334 pontifice
1540 3251 1940 3329 Christianos,
1987 3257 2089 3336 qui
2129 3277 2314 3338 quum
2345 3260 2416 3319 ab
2447 3262 2754 3338 impietate

566 3362 747 3438 longe
806 3360 1113 3433 abessent,
1170 3355 1560 3415 nihilominus
1603 3356 1901 3437 quaedam
1943 3377 2022 3414 ex
2056 3359 2176 3417 illis
2218 3363 2560 3420 criminibus
2603 3382 2755 3443 quae

568 3465 823 3520 maiores
863 3464 928 3518 in
966 3459 1149 3518 fidem
1191 3458 1591 3518 Christianam
1647 3462 1902 3518 conferri
1953 3460 2417 3540 indignabantur
2453 3484 2560 3542 pro
2600 3467 2758 3524 veris

571 3564 980 3638 admitterent3
1029 3575 1205 3644 atque
1232 3566 1298 3619 in
1332 3583 1542 3621 eorum
1566 3582 1819 3621 numero
1855 3583 1983 3622 esse
2017 3565 2468 3625 Merobaudem.

739 3668 992 3725 Carmen
1033 3663 1194 3746 quod
1230 3665 1391 3722 inter
1435 3683 1615 3742 opera
1659 3663 1972 3723 Claudiani
2018 3666 2274 3724 relatum
2305 3669 2486 3746 vulgo
2518 3669 2763 3726 obvium

375 3785 428 3839 1>-
458 3764 538 3820 Xl
572 3780 661 3829 est
679 3814 696 3845 ,
730 3767 948 3827 addere
977 3788 1098 3825 non
1124 3768 1386 3846 placuit:
1434 3786 1536 3824 eos
1564 3786 1706 3824 vero
1735 3768 1950 3847 quibus
1980 3764 2058 3825 ad
2085 3771 2332 3847 scriptos
2365 3768 2596 3828 codices
2626 3767 2761 3826 adi-

571 3885 668 3931 tus
709 3882 906 3951 patet,
954 3889 1096 3950 rogo
1131 3867 1450 3949 hortorque
1482 3878 1550 3925 ut
1581 3880 1862 3948 quattuor
1887 3871 1994 3928 illa
2028 3874 2290 3928 carmina
2320 3889 2472 3951 quae
2503 3868 2762 3926 Camerti

576 3973 866 4034 debentur
924 3973 1175 4032 sollicite
1238 3981 1556 4051 quaerantr,
1633 3991 1714 4029 ex
1767 3973 1980 4053 quibus
2041 3970 2294 4031 disticha
2337 3972 2412 4031 de
2455 3972 2762 4030 miraculis

577 4075 795 4136 Christi
825 4078 1046 4156 pariter
1074 4070 1503 4130 Merobaudem
1524 4083 1796 4131 nostrum
1827 4085 2128 4133 auctorem
2159 4071 2383 4135 habere
2411 4074 2588 4135 valde
2619 4095 2764 4154 pro-

576 4180 773 4238 babile
815 4191 924 4238 est.
1007 4178 1130 4234 imo
1178 4171 1345 4231 idem
1385 4172 1459 4232 de
1499 4178 1760 4233 carmine
1798 4174 2078 4235 Paschali
2097 4180 2395 4258 suspicor:
2439 4189 2498 4236 at
2527 4197 2766 4236 carmen

578 4280 653 4340 de
688 4284 943 4342 Hercule
969 4299 1210 4362 prorsus
1243 4277 1543 4338 diversum
1573 4279 1836 4339 colorem
1861 4276 2062 4338 habet.
