3210 5200
1045 418 1574 496 lofflmvmos
1624 425 1784 495 ΠΒ.
1831 426 1922 493 V.
2219 482 2238 498 .
2430 418 2583 495 109

556 616 635 655 an
665 595 884 656 melius
909 592 1088 654 bellis
1117 586 1421 677 armisque
1450 594 1746 654 lacessere
1774 590 1908 653 duri
2003 601 2008 606 '
2103 579 2113 585 ’
2143 583 2152 590 ’

557 700 769 758 militis
802 717 967 756 arma
1002 695 1244 777 placet?
1286 709 1460 776 turpe
1495 706 1554 755 et
1585 696 1929 755 miserabile
1958 694 2185 755 crimen

559 801 894 860 confractos
917 818 1180 859 cessasse
1205 799 1419 858 semel.
1502 816 1628 856 non
1654 818 1836 858 onnte
1865 796 2115 857 deorum

389 905 515 971 115
558 905 861 965 sublatum
890 903 1188 961 auxilium
1216 901 1444 981 campis
1475 899 1748 960 discessit
1775 902 1839 960 in
1866 902 2013 960 inis.

556 1026 677 1064 non
704 1008 789 1063 ita
819 1005 950 1063 vult
976 1006 1269 1077 Ammon3
1311 1022 1434 1061 non
1452 1048 1468 1076 ‚
1510 1004 1795 1083 inquam,
1837 1004 2087 1061 munina
2115 1001 2321 1059 Gurzil

453 1182 465 1209 ἱ
557 1112 645 1170 sic
674 1109 895 1167 violata
935 1103 1160 1164 dolent.
1244 1124 1367 1185 non
1404 1107 1491 1165 sic
1527 1107 1764 1164 fortuna
1789 1107 2073 1180 minatur,

555 1230 712 1292 quae
737 1209 927 1267 voluit
954 1227 1190 1272 servare
1210 1208 1391 1267 viros.
1472 1210 1753 1288 pecuaria
1779 1218 2013 1266 tantum

558 1310 961 1393 perdidimus:
1004 1329 1149 1369 nam
1176 1311 1359 1368 robur
1385 1308 1575 1369 adest.
1663 1309 1979 1370 discernite
2009 1309 2216 1390 quanti

394 1419 517 1482 120
558 1416 887 1474 ccctlbuere
913 1414 1050 1472 viri.
1135 1414 1324 1471 veluti
1356 1411 1540 1472 cadus
1572 1409 1810 1472 hauriat
1835 1410 2029 1472 undas

557 1518 835 1598 aequoris
863 1517 1116 1576 Oceani:
1159 1512 1458 1596 numquid
1491 1514 1832 1574 decrescere
1857 1515 2065 1593 possit,

555 1631 657 1679 aut
697 1617 985 1676 damnum
1016 1619 1239 1676 sentire
1268 1615 1531 1677 Thetis?
1616 1628 1705 1676 tot
1734 1627 1794 1675 et
1823 1617 1965 1695 igne
1996 1635 2231 1674 remisso

558 1732 713 1781 astra
745 1719 1002 1779 cadunt:
1046 1720 1233 1798 signis
1260 1721 1510 1800 plenum
1535 1730 1737 1778 tamen
1767 1721 1967 1780 omnia
2002 1720 2234 1776 caelum

555 1823 748 1883 sidera
780 1842 1021 1902 semper
1051 1820 1254 1881 habet.
1340 1824 1428 1881 sic
1454 1833 1718 1881 nostram
1751 1823 1935 1880 laesio
1966 1833 2206 1899 gentem

386 1926 515 1993 125
557 1927 834 2004 contigit:
878 1923 1026 1984 haut
1058 1937 1259 1984 tamen
1297 1927 1542 1984 omnino
1569 1926 1894 1984 fortissima
1926 1928 2135 1984 sensit.

555 2029 878 2105 consulite,
916 2039 976 2086 et
1008 2028 1186 2087 rebus
1217 2029 1438 2086 celeres
1470 2028 1794 2087 succurrite
1824 2019 2109 2086 vestris.”

636 2133 861 2189 Bruten
890 2141 955 2188 ut
982 2130 1229 2189 emissas
1251 2131 1547 2209 persensit
1572 2131 1647 2188 ab
1677 2149 1780 2189 ore
1811 2131 2105 2211 querelas,

552 2243 756 2292 mente
786 2234 960 2290 ferox
993 2235 1188 2312 rapuit
1215 2234 1468 2292 bellum.
1545 2225 1759 2313 “pater
1786 2227 2088 2311 optime,”
2128 2232 2301 2311 dixit,

546 2328 965 2414 “ingeminans
992 2333 1218 2390 bellum
1246 2346 1482 2394 nostros
1512 2355 1787 2414 reparare
1811 2335 2046 2394 labores

389 2442 516 2504 130
554 2457 773 2496 uxores
801 2445 1091 2516 natosque
1119 2444 1308 2514 potes.
1396 2454 1534 2492 cum
1561 2436 1774 2494 funere
1804 2439 1992 2494 vitam

555 2551 615 2599 et
643 2540 817 2597 bellis
842 2537 1011 2596 finire
1036 2539 1253 2619 placet.
1339 2556 1495 2618 quae
1522 2537 1687 2594 fama
1714 2560 1823 2619 per
1848 2558 2058 2598 omnes

556 2646 750 2722 gentis
778 2642 890 2699 erit
915 2643 1199 2720 populos,
1241 2641 1295 2698 si
1324 2650 1561 2698 nostrae
1590 2642 1817 2700 iniuria»
1834 2639 2034 2701 caedis

554 2744 865 2803 indefensa
891 2763 1142 2802 manens
1172 2743 1364 2801 latum
1390 2743 1681 2801 reseratur
1705 2745 1768 2802 in
1800 2741 2049 2803 orbem?

559 2848 863 2926 absorptas
888 2848 1105 2905 melius
1129 2846 1322 2905 subito
1348 2848 1580 2905 telluris
1609 2845 1777 2906 hiatu

385 2947 514 3018 135
551 2969 711 3007 mors
739 2950 930 3028 rapiat
955 2959 1192 3027 gentes:
1237 2948 1568 3008 extendant
1594 2952 1846 3009 Tartara
1875 2949 2081 3008 fauces

468 3108 475 3115 ,
556 3061 615 3110 et
648 3052 857 3129 nigrae
886 3053 1117 3131 pallore
1146 3049 1380 3112 domus.
1466 3054 1822 3132 Proserpina
1857 3070 2109 3129 regnum

556 3157 740 3235 patris
770 3155 946 3234 inops
976 3164 1177 3212 teneat
1206 3157 1364 3234 nigri
1390 3177 1501 3236 per
1522 3157 1686 3213 bella
1713 3154 1937 3212 mariti.

556 3266 694 3316 sunt
723 3258 913 3331 acies,
955 3268 1094 3315 sunt
1122 3276 1286 3316 anna
1313 3260 1457 3317 tibi:
1508 3278 1718 3336 surge,
1762 3261 1955 3336 arripe
1985 3258 2234 3317 bellum.

557 3368 616 3416 te
645 3357 796 3416 duce
825 3360 1132 3417 confossus
1156 3379 1379 3438 ponam
1407 3362 1535 3420 sine
1565 3361 1812 3418 crimine
1839 3362 2045 3419 vitam.

384 3457 515 3527 140
557 3459 703 3519 haec
729 3470 819 3519 est
847 3470 1003 3518 certa
1032 3460 1218 3519 salus.
1302 3472 1370 3520 tu
1390 3473 1626 3520 nostrae
1655 3463 1843 3540 gloria
1874 3465 2092 3540 gentis,

560 3572 625 3621 tu
655 3564 887 3621 virtutis
918 3560 1137 3637 honor,
1179 3572 1247 3620 tu
1281 3584 1416 3643 spes
1448 3563 1738 3623 fidissima
1765 3556 2062 3621 Mauris.’'

643 3667 762 3724 vix
795 3684 864 3723 ea
897 3667 1122 3723 Bruten
1154 3667 1272 3723 ait:
1317 3669 1510 3725 cuncti
1543 3669 1801 3725 clamore
1829 3675 2109 3724 secuntur

557 3766 966 3848 Carcasanque
996 3767 1288 3844 fremunt,
1333 3770 1624 3827 Carcasan
1653 3769 1929 3827 omnibus
1953 3788 2143 3826 unum

558 3870 834 3947 gentibus
866 3889 997 3928 esse
1025 3867 1240 3928 ducem
1268 3873 1490 3950 linguis
1518 3873 1855 3952 animisque
1883 3871 2168 3931 fatentur.

391 3966 517 4034 145
640 3973 750 4052 Ille
774 3983 841 4031 ut
870 3984 1221 4053 conceptum
1249 3976 1488 4053 populis
1516 3976 1757 4032 auxisse
1789 3976 2054 4033 furorem

538 4070 740 4151 widit,
786 4084 853 4134 et·
872 4078 1070 4135 insani
1103 4078 1331 4135 rabiem
1365 4096 1735 4136 succrescere
1762 4079 1991 4155 Martis,

386 4256 493 4319 114
526 4254 762 4312 deonorum
801 4259 852 4312 '1'
1054 4262 1158 4314 116
1192 4277 1406 4316 smenon
1436 4277 1554 4315 nam
1590 4261 1677 4331 qui
1713 4263 1786 4330 T,
1840 4264 2082 4332 Ammon3
2134 4280 2235 4318 non
2271 4277 2489 4331 unquam
2527 4259 2590 4313 M

385 4328 490 4380 117
521 4319 664 4378 delet.
690 4330 738 4380 Τ
954 4328 1055 4385 122
1087 4330 1207 4384 tetis
1235 4332 1285 4384 Τ
1492 4332 1623 4387 ibid.
1658 4331 1875 4388 decusso
1901 4335 1953 4388 Τ
2167 4336 2264 4389 127
2299 4332 2369 4386 ab
2387 4332 2510 4385 add.
2535 4331 2583 4386 Ia

383 4394 488 4449 139
520 4396 786 4449 consessus
810 4398 874 4455 T.
1426 4454 1437 4465 ,
1775 4454 1783 4463 .
