3210 5200
1232 1198 1331 1303 N
1373 1199 1418 1302 Ι
1460 1198 1542 1302 Ε
1586 1198 1674 1300 Β
1722 1197 1822 1304 U
1870 1197 1969 1298 H
2010 1197 2102 1300 R
2148 1195 2282 1299 ΙΙ

765 1423 923 1508 DE
984 1419 1152 1506 FL.
1213 1417 1957 1507 MEROBAUDE
2019 1415 2721 1506 PRAEFATlo.

475 1941 529 1994 p.
566 1924 615 1976 V
645 1875 824 1978 luter
870 1915 1101 1976 codices
1142 1915 1537 1977 bibliothecae
1576 1921 1986 1998 SangallenSIs
2030 1920 2230 1997 plures
2263 1927 2495 1975 exstare
2526 1917 2841 1992 rescriptos

645 2022 953 2102 quaerenti
988 2018 1140 2077 mihi
1183 2023 1406 2079 Arxius
1444 2042 1504 2079 v.
1550 2023 1625 2080 cl.
1674 2021 1992 2095 indicavit3
2039 2041 2107 2077 ac
2146 2040 2293 2078 mox
2325 2037 2531 2076 omnes
2563 2017 2841 2073 collectos

644 2121 722 2179 ad
764 2120 1203 2199 inspiciendum
1234 2123 1469 2181 obtulit.
1561 2125 1783 2180 etenim
1812 2125 1934 2179 iam
1966 2121 2195 2180 dudum
2225 2130 2492 2179 accurate
2524 2120 2840 2176 examina-

642 2225 719 2280 tis
765 2224 1015 2300 singulis
1060 2222 1399 2297 codicibus,
1444 2226 1633 2282 sicubi
1682 2223 1913 2306 aliquid
1955 2222 2134 2282 huius
2177 2225 2411 2301 generis
2453 2224 2837 2299 conspiceret,

640 2343 765 2381 non
811 2325 1009 2382 solum
1048 2323 1116 2381 id
1154 2345 1275 2382 non
1320 2326 1766 2387 inobservatum
1805 2329 2185 2405 neglexerat,
2227 2344 2438 2381 verum
2469 2325 2679 2395 etiam,
2725 2318 2839 2377 ad—

640 2424 832 2484 hibito
861 2425 1299 2485 medicamento
1335 2420 1744 2487 efficacissimo
1765 2475 1781 2503 ,
1832 2426 1979 2509 quid
2010 2430 2154 2486 olim
2185 2430 2469 2504 scriptum
2500 2427 2709 2483 fuisset
2738 2425 2840 2479 in-

638 2532 1069 2608 vestigaverat3
1114 2532 1318 2610 itaque
1344 2531 1528 2610 probe
1560 2542 1946 2609 cognoverat,
1989 2529 2259 2610 mihique
2286 2526 2603 2599 iudicavit,
2646 2528 2711 2582 in
2739 2545 2839 2582 re-

639 2631 821 2711 liquis
854 2630 1099 2710 quidem
1126 2631 1429 2689 codicibus
1462 2645 1562 2690 aut
1588 2635 1879 2691 librorum
1902 2653 2205 2691 sacrorum
2232 2641 2334 2688 aut
2362 2641 2700 2688 sanctorum
2724 2645 2837 2704 pa-

639 2742 801 2788 trum
841 2734 1091 2808 paginas
1135 2732 1361 2790 deletas
1401 2731 1638 2806 haberi,
1687 2755 1872 2791 unum
1911 2755 2039 2792 esse
2075 2737 2139 2790 in
2173 2753 2292 2811 quo
2329 2733 2605 2788 carminis
2638 2730 2838 2786 Latini

639 2833 930 2910 reliquiae
961 2837 1319 2910 appareant:
1363 2835 1521 2889 inter
1546 2831 1656 2890 has
1675 2878 1690 2906 ,
1734 2836 1840 2891 ubi
1869 2836 2197 2892 litterarum
2228 2833 2437 2891 ductus
2464 2835 2663 2889 miuus
2693 2849 2837 2887 eva-

635 2936 911 3007 nuerint,
957 2934 1184 3013 aliquot
1228 2954 1292 2991 se
1342 2935 1559 3011 legisse
1600 2955 1807 2992 versus
1834 2979 1849 3008 ,
1896 2954 2046 3014 quos
2080 2955 2273 3015 neque
2302 2937 2593 2992 memoria
2625 2933 2736 2990 sibi
2766 2932 2836 2988 in

637 3040 969 3112 poetarum,
1013 3055 1162 3114 quos
1188 3037 1465 3094 classicos
1488 3056 1792 3111 vocamus,
1830 3037 1997 3095 libris
2023 3036 2390 3110 indicaverit,
2424 3056 2618 3116 neque
2645 3054 2836 3114 quae-

635 3134 822 3194 rendo
849 3137 1176 3194 invenerit:
1222 3149 1483 3195 ceterum
1505 3159 1588 3214 se,
1619 3151 1864 3219 propter
1890 3138 2259 3198 debilitatam
2287 3141 2592 3198 oculorum
2618 3137 2830 3207 aciem,

635 3240 709 3296 ab
741 3242 1100 3298 accuratiore
1131 3243 1514 3322 inquisitione
1556 3243 1850 3300 abstinere
1889 3242 2200 3302 debuisse:
2248 3262 2382 3300 eam
2413 3261 2476 3298 se
2510 3257 2722 3316 cupere
2753 3236 2829 3291 ab

635 3340 837 3420 aliquo
876 3343 1139 3417 institui,
1181 3347 1276 3401 cui
1312 3354 1371 3401 et
1400 3347 1562 3404 visus
1594 3346 1819 3403 firmior
1858 3356 1916 3404 et
1957 3366 2101 3404 usus
2138 3341 2580 3402 tractandarum
2614 3338 2832 3397 deleti-

637 3443 861 3500 ciarum
885 3446 1367 3504 membranarum
1393 3450 1488 3505 sit.

801 3546 991 3622 Igitur
1032 3567 1155 3606 non
1196 3549 1555 3609 concedente
1592 3553 1789 3610 solum
1829 3550 1937 3612 sed
1976 3551 2250 3611 hortante
2291 3560 2468 3630 atque
2507 3544 2831 3628 plaudente

634 3653 874 3730 egregio
904 3655 1032 3712 viro
1060 3672 1210 3730 opus
1238 3671 1553 3732 aggressus
1589 3672 1761 3711 sum:
1805 3675 1932 3713 rem
1959 3657 2139 3734 plane
2168 3664 2234 3710 ut
2263 3655 2389 3730 ipse
2415 3651 2568 3710 mihi
2597 3649 2831 3709 indica-

630 3762 799 3809 verat
824 3753 1046 3827 inveni‚
1079 3774 1148 3811 ea
1175 3757 1399 3813 scilicet
1430 3775 1582 3837 quae
1614 3753 1706 3813 his
1734 3758 1986 3834 pagellis
2014 3758 2388 3815 continentur
2409 3751 2635 3811 inedita
2662 3769 2827 3824 esse3

630 3853 874 3934 legique
915 3854 1208 3916 redivivas
1248 3860 1508 3932 litteras,
1551 3869 1620 3915 ut
1643 3862 1707 3915 in
1734 3857 1849 3917 hoc
1874 3860 2113 3935 negotio
2150 3855 2384 3914 evenire
2415 3855 2566 3914 solet
2586 3899 2601 3928 ‚
2645 3850 2828 3910 modo

632 3959 762 4015 sine
784 3959 908 4016 ullo
936 3960 1139 4017 labore
1157 4005 1173 4033 ,
1219 3959 1403 4017 modo
1439 3963 1617 4017 enixa
1646 3963 1952 4019 oculorum
1982 3961 2285 4037 animique
2315 3958 2689 4014 contentione
2719 3973 2830 4011 ae-

437 4089 489 4143 p,
521 4071 601 4126 V1
634 4062 889 4138 gerrime
933 4071 1236 4119 assecutus
1285 4058 1565 4120 evanidos
1610 4061 1852 4137 ductuS,
1906 4064 2087 4120 erasis
2126 4081 2276 4141 quae
2309 4058 2604 4118 abluendo
2638 4057 2829 4116 deleri

628 4182 751 4221 non
789 4173 1137 4241 potuerant:
1209 4163 1535 4237 nonnulla,
1597 4175 1731 4242 post
1772 4164 2132 4242 multiplices
2178 4172 2451 4238 conatus,
2517 4160 2829 4240 desperata

629 4267 865 4346 reliqui.
950 4285 1159 4324 verum
1200 4262 1275 4321 de
1324 4263 1597 4323 codicum
1629 4269 2049 4345 rescriptorum
2083 4268 2345 4341 ratione,
2393 4264 2467 4324 de
2500 4286 2618 4348 qua
2647 4283 2826 4344 saepe

629 4376 804 4449 atque
832 4385 967 4424 cum
997 4384 1134 4424 cura
1167 4363 1452 4422 traditum
1483 4376 1601 4441 est,
1648 4367 1821 4446 plura
1855 4367 2051 4427 dicere
2079 4366 2233 4427 nihil
2260 4370 2494 4428 attinet.
