3210 5200
697 409 845 484 412
1318 409 1600 478 NOTAE
1646 408 1737 475 IN
1787 408 2110 476 LIBRUM
2147 407 2242 474 m

697 577 796 637 hic
834 577 1101 636 sutilium
1142 575 1354 633 florum
1396 575 1629 654 copiam
1664 571 1947 632 indicavit
1964 617 1981 649 ‚
2043 572 2278 632 subiicit
2316 592 2462 632 mox
2512 573 2878 635 solutorum„

694 666 939 721 Bam-n.
1027 661 1269 733 Statius,
1315 678 1496 739 quem
1522 661 1832 740 aliquoties
1857 660 2121 716 imitatur
2144 668 2360 732 noster,
2402 655 2601 716 Theb.
2633 663 2673 720 6
2700 663 2828 724 866
2850 679 2871 719 .·.

694 748 953 824 citamque
973 743 1203 821 chebym
1232 744 1402 801 lauro
1428 756 1759 822 textumque
1784 744 2014 800 illustre
2032 762 2279 800 coronae
2299 742 2586 822 subligat.
2621 746 2872 804 Voucx.

695 851 816 888 non
845 831 1043 888 solum
1068 831 1429 907 privatorum
1459 828 1691 901 domus,
1715 826 1822 887 sed
1848 831 2030 886 etiam
2054 828 2217 886 urbis
2245 838 2303 885 et
2324 831 2473 886 arcis
2502 847 2668 887 sacra
2693 849 2872 887 moe-

695 917 797 972 nia
840 924 1044 972 ornata
1085 924 1224 970 sunt
1273 916 1521 972 coronis.
1621 917 1708 971 sic
1756 912 2031 971 videntur
2085 923 2287 970 oruata
2341 911 2653 971 cuiusdam
2697 914 2866 973 urbis

695 1002 932 1056 moenia
960 1000 1024 1055 in
1048 1000 1235 1055 veteri
1260 1018 1380 1071 ara,
1424 1018 1575 1078 quae
1604 997 1949 1056 adservatur
1968 999 2033 1054 in
2053 1017 2261 1056 museo
2289 998 2639 1076 Capitolino.
2722 998 2865 1057 vide

694 1092 1214 1140 monumentorum
1240 1080 1416 1141 huius
1436 1086 1629 1140 musei
1657 1080 1980 1140 editionem
2009 1091 2053 1138 t.
2084 1082 2124 1143 4
2158 1082 2278 1138 tab.
2311 1084 2410 1144 66.
2494 1084 2694 1140 Foco.

867 1166 967 1230 64.
1053 1166 1266 1246 honos]
1313 1165 1756 1225 hemistichium
1803 1163 1919 1226 hoc
1967 1185 2047 1224 ex
2087 1164 2412 1223 Claudiano
2448 1177 2539 1224 est
2574 1165 2651 1224 de
2689 1177 2867 1246 raptu

695 1256 739 1314 2
775 1255 877 1314 72.
921 1253 1202 1309 Dran-sr-
1261 1273 1465 1311 nemus
1489 1253 1770 1329 refertum
1795 1251 2061 1329 frugibus
2087 1261 2223 1309 sunt
2247 1252 2396 1308 rami
2425 1252 2703 1310 arborum
2723 1273 2862 1310 cum

698 1338 844 1414 ipsis
872 1336 1160 1394 fructibus
1189 1339 1410 1411 avulsi,
1466 1348 1533 1395 ut
1559 1335 1822 1395 studium
1848 1334 2085 1395 honoris
2113 1337 2337 1393 Iustino
2366 1339 2638 1393 certatim
2661 1338 2862 1396 collati

699 1418 920 1478 indicet
958 1421 1215 1499 plenius.
1302 1420 1630 1480 notandum
1666 1431 1900 1500 tempus
1937 1422 2078 1478 anni
2098 1464 2116 1493 ,
2170 1440 2288 1499 quo
2323 1423 2681 1479 lastinianus
2707 1424 2858 1481 vivis

699 1509 976 1563 excessit.
1016 1526 1262 1564 nemora
1289 1517 1426 1565 sunt
1458 1507 1713 1566 arbores.
1754 1508 2029 1564 Lucanus
2058 1510 2131 1568 3:
2164 1503 2571 1582 procumbunt
2596 1526 2856 1578 natam-a,

701 1600 757 1646 et
776 1589 1110 1667 spoliantur
1130 1590 1331 1648 robore
1354 1591 1560 1650 silvae.
1650 1593 1896 1649 BAnrn.

868 1678 970 1739 66.
1056 1675 1382 1754 amndine]
1439 1678 1710 1755 quamvis
1766 1673 2078 1754 grandiore
2127 1669 2310 1730 herba
2328 1716 2346 1748 ,
2420 1673 2623 1732 frutici
2677 1694 2859 1755 quam

700 1759 938 1835 plantae
965 1761 1268 1817 similiore.
1355 1761 1619 1839 alioquin
1645 1760 1851 1833 fateor,
1897 1777 2076 1839 quem
2097 1758 2322 1815 cultum
2346 1756 2574 1817 arundo
2592 1761 2859 1838 postibus

700 1840 948 1915 dederit,
992 1863 1090 1900 me
1121 1845 1410 1920 ignorare,
1439 1846 1557 1902 nisi
1585 1843 1937 1901 arundinem
1962 1835 2097 1903 κατ’
2129 1838 2340 1920 ἐξοχὴν
2365 1843 2715 1903 nobiliorem
2742 1848 2858 1904 ali-

701 1944 881 2006 quam
913 1946 1161 1984 cannam
1194 1938 1323 1984 tum
1348 1927 1424 1985 ad
1448 1929 1589 1984 talia
1619 1931 1889 2007 usurpari
1921 1937 2150 1986 suetam
2180 1929 2396 2005 capias.
2445 1930 2686 1988 Bul-ra.

865 2014 967 2074 67.
1052 2011 1383 2090 velamina]
1428 2014 1652 2090 tapetia
1690 2014 1973 2090 intelligit
2013 2012 2232 2069 talibus
2273 2014 2507 2091 pompis
2531 2010 2849 2092 'praetendi

697 2094 891 2153 solita.
953 2098 1204 2155 Pacatus
1231 2099 1628 2175 Panegyrico:
1673 2098 2042 2175 quidportae
2063 2096 2386 2154 vab-entibus
2415 2101 2575 2154 muts
2602 2120 2846 2156 eorona-

697 2189 816 2249 tas,
859 2181 1010 2260 quid
1033 2181 1264 2238 aulaeis
1293 2183 1587 2240 undantes
1603 2181 1844 2260 plateas
1868 2183 2247 2261 accensisque
2258 2181 2584 2260 funalibus
2604 2195 2845 2242 mactum

696 2263 854 2322 diem
880 2265 1177 2343 reseram?
1261 2268 1506 2326 Burni.
2472 2319 2475 2322 x

862 2352 963 2413 68.
1050 2349 1332 2409 laudibus
1364 2353 1581 2411 addo-e
1607 2353 1846 2434 laudes]
1905 2352 1983 2414 ad
2024 2355 2484 2434 geminationem
2511 2354 2850 2431 praeconio·

696 2452 830 2490 rum
860 2433 1101 2509 alludit,
1179 2454 1331 2515 quae
1358 2438 1838 2518 frequentabatur
1877 2437 2027 2499 adeo
2064 2450 2132 2497 ut
2163 2451 2566 2498 numeratores
2594 2458 2713 2497 non
2740 2438 2850 2497 de-

693 2517 933 2592 fuerint,
985 2522 1088 2599 qui
1115 2534 1484 2581 recenserent
1514 2526 1742 2605 quoties
1768 2544 2038 2606 quaeque
2065 2525 2409 2583 acclamatio
2442 2521 2657 2582 honori
2683 2527 2846 2603 prin-

698 2605 845 2681 cipis
876 2602 1012 2662 data
1040 2617 1429 2685 repeteretur,
1487 2621 1553 2666 ut
1584 2612 1861 2689 exempla
1889 2613 1953 2668 in
1987 2611 2245 2669 Historia
2268 2613 2539 2688 Augusta
2572 2622 2848 2689 apparent

693 2706 816 2745 non
852 2707 1067 2767 pauca.
1144 2691 1407 2773 alioquin
1447 2697 1789 2754 concinnius
1823 2696 2083 2773 legatur:
2128 2694 2358 2753 lusibus
2377 2696 2597 2754 addere
2619 2694 2838 2753 laudes.

693 2772 787 2829 vir
813 2770 1184 2833 doctissimus
1213 2787 1273 2834 et
1294 2780 1581 2857 singulari
1607 2777 1896 2838 industria
1922 2778 2189 2838 Thomas
2211 2782 2593 2858 Dempsterus
2612 2823 2629 2853 ,
2673 2798 2848 2859 quem

698 2853 938 2915 honoris
967 2869 1026 2916 et
1050 2862 1267 2919 amoris
1297 2866 1484 2940 gratia
1511 2866 1688 2923 toties
1719 2863 1916 2939 laudo,
1948 2867 2052 2944 qui
2076 2864 2351 2923 videlicet
2375 2866 2439 2921 in
2465 2866 2846 2923 illustratione

696 2936 874 2998 huius
906 2949 1118 3018 poEtae
1160 2956 1217 3000 et
1241 2946 1554 3013 Claudiani
1597 2951 1776 3006 etiam
1810 2968 2044 3007 mecum
2075 2947 2288 3009 eodem
2315 2951 2514 3008 animo
2543 2952 2841 3024 concurrit,

695 3023 873 3100 plane
902 3028 1119 3083 intacta
1147 3024 1296 3084 baec
1323 3031 1582 3109 reliquit.
1626 3034 1871 3090 Bau-n.
1918 3031 2194 3093 Barthius
2217 3054 2338 3093 non
2364 3036 2544 3092 male.
2588 3035 2841 3115 alioquin

697 3104 855 3165 edita
884 3108 1148 3168 firmatur
1171 3130 1252 3167 ex
1278 3110 1319 3173 4
1352 3113 1471 3177 164
1498 3123 1557 3170 et
1581 3115 1724 3178 275.
1810 3127 1986 3196 atque
2011 3120 2092 3175 ita
2117 3122 2359 3198 passim.
2443 3122 2681 3178 Voucx.

860 3196 963 3255 69.
1044 3197 1435 3273 virgilianum
1484 3208 1573 3256 est
1609 3200 2027 3279 Georgicorum
2068 3208 2106 3267 8
2124 3222 2143 3261 ε
2204 3205 2389 3262 altius
2425 3204 2758 3283 ingrediua·
2790 3213 2842 3260 et

698 3275 904 3332 mollia
941 3298 1120 3336 crura
1151 3283 1399 3356 reponit.
1486 3302 1564 3341 ne
1612 3287 1744 3365 quis
1790 3297 1957 3365 putet
2001 3287 2076 3346 de
2113 3286 2302 3348 nihilo
2345 3308 2494 3349 esse.
2576 3308 2846 3365 repono-e

695 3370 894 3417 autem
926 3360 1079 3420 illud
1122 3365 1516 3424 sublationem
1567 3379 1628 3426 et
1671 3374 2099 3433 restitutionem
2147 3394 2382 3432 crurum
2437 3371 2696 3432 denotat.
2778 3383 2843 3431 ut

597 3496 603 3503 .
692 3465 979 3504 removere
1000 3446 1098 3506 fila
1128 3449 1285 3528 apud
1309 3453 1668 3512 venantium
1694 3456 2106 3534 Fortunatum,
2165 3479 2317 3541 quae
2339 3459 2512 3538 pulsa
2534 3459 2846 3537 repulsan-

691 3539 807 3589 tur.
892 3534 1135 3593 But-ru.
2391 3576 2422 3597 Ἦ.

853 3618 957 3680 72.
1042 3638 1277 3678 carmen
1319 3619 1437 3680 hoc
1472 3624 1555 3688 ita
1602 3622 1847 3704 quidem
1873 3636 1961 3686 est
1985 3627 2351 3704 restitutum,
2406 3647 2543 3687 cum
2567 3646 2838 3707 perverse

688 3698 983 3775 legeretur
1004 3704 1069 3759 in
1094 3720 1219 3761 ms:
1275 3726 1530 3784 organa,
1577 3709 1901 3787 plectrum,
1956 3713 2089 3791 lyra
2114 3725 2172 3770 et
2198 3725 2380 3771 totam
2405 3717 2705 3771 hunnum
2723 3732 2838 3789 po·

690 3781 913 3880 urbem.
1000 3786 1108 3846 sed
1148 3799 1206 3846 et
1243 3790 1308 3846 in
1340 3794 1612 3870 proxime
1644 3792 1870 3854 duobus
1901 3797 2389 3878 subsequentibus
2424 3798 2690 3856 convivia
2727 3815 2834 3875 pro

690 3870 957 3926 convacia
988 3882 1048 3929 et
1070 3871 1371 3931 dise-urm
1398 3895 1504 3954 pro
1534 3878 1837 3937 discussus
1861 3881 2323 3941 emendavimus.
2408 3885 2588 3942 Rmz.

684 3949 964 4094 1)ιυίεόἑο
1020 3955 1203 4042 ¹&rr-ae.
1293 3959 1445 4018 bene
1480 3964 1567 4020 sic
1593 3966 1950 4025 restitutum.
2034 3978 2205 4026 antea
2231 3970 2489 4047 pessime
2511 3966 2832 4045 legebatur.

849 4123 953 4183 73.
1035 4122 1099 4179 in
1126 4143 1220 4183 ms
1251 4124 1451 4187 codice
1479 4129 1705 4208 legerat
1730 4135 2045 4214 Assagrius
2064 4138 2350 4195 convicia.
2441 4140 2834 4215 expunxerat,

684 4222 971 4281 reponens
995 4212 1295 4281 convivia,
1337 4211 1446 4272 sed
1468 4217 1761 4293 pessime:
1802 4238 1962 4277 nam-
1982 4224 2202 4299 optime
2237 4218 2379 4279 huic
2413 4222 2544 4279 loco
2573 4220 2835 4278 convicia

682 4287 991 4365 quadrant.
1073 4294 1412 4364 Quintilian.
1446 4301 1479 4360 1
1513 4303 1583 4362 3:
1608 4303 1945 4380 gaudemus
1970 4308 2026 4362 si
2048 4307 2201 4384 quid
2218 4306 2476 4364 dzzroeiszt
2498 4304 2713 4383 (pueri
2734 4305 2834 4359 in-

673 4377 896 4455 genui)
941 4375 1229 4438 licentius.
1318 4381 1499 4441 verba
1548 4406 1625 4443 ne
1665 4387 2096 4448 Alexandrinis
2155 4391 2394 4470 quidem
2625 4391 2638 4403 ’
