3210 5200
599 365 748 440 166
1199 366 1537 432 comPPI
1585 366 1702 431 DE
1751 367 2165 434 LAUDIBUS

763 532 923 591 alma
949 551 1059 611 per
1084 530 1388 590 insomnes
1416 534 1638 592 meruit
1658 533 1973 610 vigilantia
1999 543 2223 607 nostes,

761 633 830 694 hi
861 636 1014 693 sacri
1039 643 1371 692 monstrant
1399 637 1620 713 apices.
1706 636 1843 713 lege
1861 678 1877 709 ,
1920 655 2154 693 summe
2181 638 2484 714 magister,

638 734 723 801 45
764 748 826 795 et
852 755 1093 794 causam
1119 734 1376 797 defende
1403 756 1629 795 meam.
1713 737 1823 795 tibi
1851 740 2078 795 sanctio
2106 748 2367 795 vestrum

764 836 1143 898 commendat
1171 840 1469 897 famulum
1493 856 1512 897 ε
1557 848 1755 897 vestro
1789 837 1865 896 de
1890 840 2057 897 fonte
2081 851 2314 897 creatur

761 940 990 999 rivulus
1015 942 1127 998 iste
1159 960 1331 1002 meus
1348 985 1367 1016 ‚
1424 940 1535 1000 sub
1567 942 1734 998 cuius
1761 941 2005 997 nomine
2032 951 2202 1018 gesto

760 1043 1045 1120 principis
1070 1044 1354 1102 officium.
1437 1042 1635 1100 fessae
1664 1043 1945 1100 miserere
1973 1053 2268 1118 senectae,

760 1144 1227 1224 vulneribusque
1254 1145 1407 1202 meis
1440 1143 1619 1203 solita
1652 1145 1873 1222 pietate
1905 1142 2167 1218 medere,

639 1243 723 1310 50
766 1255 830 1304 ut
860 1258 1057 1325 grates
1084 1246 1195 1303 tibi
1225 1247 1418 1305 laetus
1445 1264 1650 1324 agam,
1694 1264 2011 1324 sacrosque
2034 1242 2369 1324 triumphos

765 1349 1052 1428 principis
1080 1349 1286 1407 invicti
1310 1346 1473 1409 felici
1509 1349 1774 1407 carmine
1807 1344 2025 1406 dicam.

1468 1629 1880 1640 Μ

1034 1830 1557 1919 LIBER
1672 1829 2342 1920 PRIMUS.

765 2011 1141 2131 Imperium,
1184 2054 1424 2114 eulmen
1453 2075 1686 2132 rerum,
1728 2076 1852 2115 non
1876 2057 2139 2115 motibus
2166 2057 2329 2131 ullis,

762 2173 884 2213 non
915 2157 1095 2214 annis
1122 2169 1461 2237 sumptum,
1511 2179 1633 2218 non
1664 2160 1991 2219 ambitione
2020 2160 2280 2237 potitum

763 2259 1031 2335 auspicio
1062 2260 1312 2319 meliore
1343 2279 1519 2323 cano..
1596 2262 1739 2320 licet
1766 2262 1968 2320 omnia
2001 2260 2206 2318 nullus

771 2360 976 2418 inclita
1009 2370 1312 2438 gestorum
1340 2362 1538 2420 valeat
1567 2374 1958 2421 monumenta
1986 2365 2225 2442 piorum

683 2459 733 2525 5
772 2460 1080 2521 ordinibus
1100 2483 1416 2521 numerare
1440 2465 1564 2523 suis
1587 2508 1604 2538 ‚
1650 2473 1854 2522 tamen
1881 2467 2027 2523 utile
2050 2467 2250 2524 servis*

768 2583 900 2623 esse
925 2583 1061 2624 reor
1083 2578 1350 2628 mentem
1377 2564 1638 2627 dominis
1667 2577 1870 2647 aptare
1893 2566 2139 2627 fidelem

766 2668 970 2731 officio,
999 2690 1356 2750 quocunque
1383 2668 1578 2733 datur.
1661 2668 2124 2748 praecommodo
2153 2670 2460 2746 linguam:

766 2788 875 2830 vos
904 2769 1077 2830 divae
1113 2771 1249 2834 date
1279 2772 1493 2847 verba,
1538 2782 1599 2830 et
1629 2792 1785 2853 quae
1811 2773 2131 2849 vigilantia
2158 2781 2352 2828 mater

766 2882 830 2929 et
855 2891 1010 2952 quae
1038 2893 1273 2938 sinnma
1305 2892 1520 2951 regens
1551 2873 1858 2949 Sapientia
1889 2875 2152 2951 protegis
2185 2873 2414 2932 orbem.

644 2972 726 3033 10
765 2992 874 3031 vos
908 2972 1062 3030 mihi
1088 2995 1196 3053 pro
1232 2976 1459 3033 mulctis
1489 2970 1745 3030 dicenda
1769 2970 1848 3031 ad
1879 2976 2143 3032 cannina
2169 2976 2360 3032 Musis

768 3073 1077 3150 sufficitis3
1125 3095 1233 3134 vos
1260 3094 1533 3156 quaeque
1558 3074 1746 3133 latent
1775 3093 1987 3132 arcana
2013 3079 2298 3136 monetis,

766 3184 953 3255 tuque
986 3175 1086 3236 dei
1110 3180 1374 3256 genitrix
1396 3185 1665 3235 sanctam
1685 3174 1840 3235 mihi
1863 3179 2100 3256 porrige
2128 3176 2403 3238 dextram

769 3287 832 3335 et
856 3279 948 3336 fer
975 3299 1188 3358 opem,
1233 3295 1490 3360 quaeso:
1533 3279 1744 3355 magni
1768 3276 1924 3337 mihi
1955 3300 2128 3339 causa
2163 3282 2384 3340 laboris

769 3383 994 3458 surgit,
1040 3393 1098 3440 et
1125 3379 1423 3440 invalidos
1456 3377 1536 3442 ad
1560 3379 1827 3460 pondera
1852 3379 2034 3440 tendo
2061 3384 2334 3442 lacertos.

648 3477 728 3543 15
771 3493 942 3559 urget
967 3502 1174 3544 amans
1197 3482 1473 3550 dominos
1499 3502 1860 3564 carmenque
1884 3486 2145 3563 impellit
2172 3484 2358 3544 adire.

768 3596 1046 3663 quaestor
1075 3589 1442 3661 Anastasius,
1485 3589 1676 3644 sancti
1705 3607 1842 3665 pars
1868 3605 2087 3664 magua
2113 3598 2373 3664 senatus,

767 3690 1127 3766 compositor
1150 3708 1417 3764 morum,
1459 3690 1608 3748 iuris
1634 3689 1957 3767 legumque
1982 3687 2290 3764 sacerdos3

767 3798 829 3846 et
853 3786 1156 3866 Thomas,
1200 3790 1461 3870 Libyoae
1484 3791 1751 3848 nutantis
1781 3787 2013 3848 destina
2047 3801 2259 3864 terrae,
2335 3847 2344 3855 ,

767 3893 875 3970 qui
899 3893 1133 3971 lapsam
1160 3896 1398 3968 statuit,
1441 3894 1601 3956 vitae
1633 3912 1805 3970 spem
1835 3890 2099 3950 reddidit
2128 3894 2311 3966 Afris,

641 3994 727 4057 20
766 4014 978 4072 pacem
1006 3997 1368 4074 composuit,
1416 3995 1646 4052 bellum
1672 3997 1804 4053 sine
1832 3995 2023 4052 milite
2054 3997 2288 4072 pressit,

769 4096 910 4154 vicit
941 4097 1202 4153 consiliis
1234 4115 1385 4174 quos
1408 4097 1612 4154 nullus
1641 4098 1866 4155 vicerat
1896 4097 2113 4168 armis3

772 4218 885 4258 nec
903 4219 1025 4258 non
1051 4199 1468 4274 magnanimus
1492 4199 1725 4257 meritis
1753 4208 1813 4258 et
1833 4198 2077 4256 nomine
2100 4199 2375 4276 Magnus,

772 4287 972 4358 mente
995 4300 1237 4378 placens
1270 4297 1526 4358 dominis
1544 4342 1562 4377 ‚
1605 4302 1789 4359 sacris
1818 4299 2145 4360 rationibus
2173 4311 2363 4379 aptae,
