<?xml version="1.0" encoding="UTF-8"?>
<!DOCTYPE html PUBLIC "-//W3C//DTD XHTML 1.0 Transitional//EN"
    "http://www.w3.org/TR/xhtml1/DTD/xhtml1-transitional.dtd">
<html xmlns="http://www.w3.org/1999/xhtml" xml:lang="en" lang="en">
 <head>
  <title>
</title>
<meta http-equiv="Content-Type" content="text/html;charset=utf-8" />
  <meta name='ocr-system' content='tesseract 3.04.00' />
  <meta name='ocr-capabilities' content='ocr_page ocr_carea ocr_par ocr_line ocrx_word'/>
</head>
<body>
  <div class='ocr_page' id='page_1' title='image "./carminumpanegyr00niebgoog_0070.png"; bbox 0 0 3210 5200; ppageno 0'>
   <div class='ocr_carea' id='block_1_1' title="bbox 624 363 1900 431">
    <p class='ocr_par' dir='ltr' id='par_1_1' title="bbox 624 363 1900 431">
     <span class='ocr_line' id='line_1_1' title="bbox 624 363 1900 431; baseline 0.005 -5"><span class='ocrx_word' id='word_1_1' title='bbox 624 377 791 427; x_wconf 65' lang='lat' dir='ltr'><strong>svm</strong></span> <span class='ocrx_word' id='word_1_2' title='bbox 1540 363 1900 431; x_wconf 77' lang='lat' dir='ltr'>FOGGIM</span> 
     </span>
    </p>
   </div>
   <div class='ocr_carea' id='block_1_2' title="bbox 616 526 2812 4397">
    <p class='ocr_par' dir='ltr' id='par_1_2' title="bbox 616 526 2812 4397">
     <span class='ocr_line' id='line_1_2' title="bbox 794 526 2805 615; baseline 0.004 -29"><span class='ocrx_word' id='word_1_3' title='bbox 794 530 999 607; x_wconf 85' lang='lat' dir='ltr'><strong>ltaque</strong></span> <span class='ocrx_word' id='word_1_4' title='bbox 1023 539 1154 590; x_wconf 85' lang='lat' dir='ltr'><strong>tum</strong></span> <span class='ocrx_word' id='word_1_5' title='bbox 1185 547 1324 586; x_wconf 87' lang='lat' dir='ltr'><strong>cum</strong></span> <span class='ocrx_word' id='word_1_6' title='bbox 1354 526 1517 606; x_wconf 88' lang='lat' dir='ltr'><strong>apud</strong></span> <span class='ocrx_word' id='word_1_7' title='bbox 1542 548 1642 587; x_wconf 91' lang='lat' dir='ltr'><strong>me</strong></span> <span class='ocrx_word' id='word_1_8' title='bbox 1676 530 1955 588; x_wconf 82' lang='lat' dir='ltr'><strong>constitui</strong></span> <span class='ocrx_word' id='word_1_9' title='bbox 1984 532 2306 611; x_wconf 76' lang='lat' dir='ltr'><strong>Cor-ippum</strong></span> <span class='ocrx_word' id='word_1_10' title='bbox 2335 554 2526 593; x_wconf 81' lang='lat' dir='ltr'><strong>novae</strong></span> <span class='ocrx_word' id='word_1_11' title='bbox 2557 539 2805 615; x_wconf 85' lang='lat' dir='ltr'><strong>Appen-</strong></span> 
     </span>
     <span class='ocr_line' id='line_1_3' title="bbox 625 628 2805 713; baseline 0.003 -25"><span class='ocrx_word' id='word_1_12' title='bbox 625 628 774 704; x_wconf 87' lang='lat' dir='ltr'><strong>dici,</strong></span> <span class='ocrx_word' id='word_1_13' title='bbox 818 650 999 710; x_wconf 88' lang='lat' dir='ltr'><strong>quam</strong></span> <span class='ocrx_word' id='word_1_14' title='bbox 1040 631 1355 705; x_wconf 86' lang='lat' dir='ltr'><strong>curabam,</strong></span> <span class='ocrx_word' id='word_1_15' title='bbox 1400 631 1676 708; x_wconf 79' lang='lat' dir='ltr'><strong>Corporis</strong></span> <span class='ocrx_word' id='word_1_16' title='bbox 1720 628 2004 690; x_wconf 82' lang='lat' dir='ltr'><strong>historiae</strong></span> <span class='ocrx_word' id='word_1_17' title='bbox 2035 636 2399 712; x_wconf 81' lang='lat' dir='ltr'><strong>Byzantinae</strong></span> <span class='ocrx_word' id='word_1_18' title='bbox 2434 638 2805 713; x_wconf 78' lang='lat' dir='ltr'><strong>interserere,</strong></span> 
     </span>
     <span class='ocr_line' id='line_1_4' title="bbox 617 730 2810 818; baseline 0.004 -29"><span class='ocrx_word' id='word_1_19' title='bbox 617 751 697 789; x_wconf 87' lang='lat' dir='ltr'><strong>ne</strong></span> <span class='ocrx_word' id='word_1_20' title='bbox 742 730 1000 808; x_wconf 86' lang='lat' dir='ltr'><strong>amplius</strong></span> <span class='ocrx_word' id='word_1_21' title='bbox 1051 732 1126 788; x_wconf 89' lang='lat' dir='ltr'><strong>ab</strong></span> <span class='ocrx_word' id='word_1_22' title='bbox 1171 752 1242 790; x_wconf 87' lang='lat' dir='ltr'><strong>eo</strong></span> <span class='ocrx_word' id='word_1_23' title='bbox 1293 733 1551 811; x_wconf 86' lang='lat' dir='ltr'><strong>Corpore</strong></span> <span class='ocrx_word' id='word_1_24' title='bbox 1591 742 1909 809; x_wconf 77' lang='lat' dir='ltr'><strong>vagaretur</strong></span> <span class='ocrx_word' id='word_1_25' title='bbox 1953 733 2312 810; x_wconf 69' lang='lat' dir='ltr'><strong>disiunctus,</strong></span> <span class='ocrx_word' id='word_1_26' title='bbox 2355 739 2627 815; x_wconf 83' lang='lat' dir='ltr'><strong>inprimis</strong></span> <span class='ocrx_word' id='word_1_27' title='bbox 2657 759 2810 818; x_wconf 87' lang='lat' dir='ltr'><strong>opus</strong></span> 
     </span>
     <span class='ocr_line' id='line_1_5' title="bbox 617 831 2809 914; baseline 0.004 -24"><span class='ocrx_word' id='word_1_28' title='bbox 617 831 770 890; x_wconf 83' lang='lat' dir='ltr'><strong>mihi</strong></span> <span class='ocrx_word' id='word_1_29' title='bbox 795 833 910 889; x_wconf 85' lang='lat' dir='ltr'><strong>suit</strong></span> <span class='ocrx_word' id='word_1_30' title='bbox 934 841 1002 889; x_wconf 87' lang='lat' dir='ltr'><strong>ut</strong></span> <span class='ocrx_word' id='word_1_31' title='bbox 1035 833 1162 892; x_wconf 84' lang='lat' dir='ltr'><strong>eius</strong></span> <span class='ocrx_word' id='word_1_32' title='bbox 1188 843 1425 890; x_wconf 84' lang='lat' dir='ltr'><strong>textum</strong></span> <span class='ocrx_word' id='word_1_33' title='bbox 1452 835 1583 911; x_wconf 87' lang='lat' dir='ltr'><strong>ipse</strong></span> <span class='ocrx_word' id='word_1_34' title='bbox 1611 831 2044 912; x_wconf 75' lang='lat' dir='ltr'><strong>distinguerem</strong></span> <span class='ocrx_word' id='word_1_35' title='bbox 2073 849 2133 895; x_wconf 91' lang='lat' dir='ltr'><strong>et</strong></span> <span class='ocrx_word' id='word_1_36' title='bbox 2172 838 2590 914; x_wconf 84' lang='lat' dir='ltr'><strong>emendarem3</strong></span> <span class='ocrx_word' id='word_1_37' title='bbox 2637 853 2698 897; x_wconf 90' lang='lat' dir='ltr'><strong>et</strong></span> <span class='ocrx_word' id='word_1_38' title='bbox 2729 862 2809 898; x_wconf 90' lang='lat' dir='ltr'><strong>ne</strong></span> 
     </span>
     <span class='ocr_line' id='line_1_6' title="bbox 619 932 2809 1016; baseline 0.005 -26"><span class='ocrx_word' id='word_1_39' title='bbox 619 936 753 1016; x_wconf 81' lang='lat' dir='ltr'><strong>quis</strong></span> <span class='ocrx_word' id='word_1_40' title='bbox 786 932 1013 1015; x_wconf 88' lang='lat' dir='ltr'><strong>aliquid</strong></span> <span class='ocrx_word' id='word_1_41' title='bbox 1041 932 1422 1010; x_wconf 76' lang='lat' dir='ltr'><strong>desideraret,</strong></span> <span class='ocrx_word' id='word_1_42' title='bbox 1466 936 1769 993; x_wconf 81' lang='lat' dir='ltr'><strong>variorum</strong></span> <span class='ocrx_word' id='word_1_43' title='bbox 1794 940 1951 995; x_wconf 83' lang='lat' dir='ltr'><strong>uotis</strong></span> <span class='ocrx_word' id='word_1_44' title='bbox 1978 937 2239 995; x_wconf 86' lang='lat' dir='ltr'><strong>eundem</strong></span> <span class='ocrx_word' id='word_1_45' title='bbox 2270 944 2575 1014; x_wconf 82' lang='lat' dir='ltr'><strong>exornavi,</strong></span> <span class='ocrx_word' id='word_1_46' title='bbox 2618 943 2809 999; x_wconf 87' lang='lat' dir='ltr'><strong>Ruizii</strong></span> 
     </span>
     <span class='ocr_line' id='line_1_7' title="bbox 620 1034 2810 1121; baseline 0.001 -25"><span class='ocrx_word' id='word_1_47' title='bbox 620 1040 914 1118; x_wconf 83' lang='lat' dir='ltr'><strong>prlmum‚</strong></span> <span class='ocrx_word' id='word_1_48' title='bbox 977 1034 1196 1095; x_wconf 83' lang='lat' dir='ltr'><strong>deiude</strong></span> <span class='ocrx_word' id='word_1_49' title='bbox 1234 1056 1377 1096; x_wconf 81' lang='lat' dir='ltr'><strong>vero</strong></span> <span class='ocrx_word' id='word_1_50' title='bbox 1422 1039 1797 1116; x_wconf 86' lang='lat' dir='ltr'><strong>Dempsteri,</strong></span> <span class='ocrx_word' id='word_1_51' title='bbox 1857 1040 2138 1116; x_wconf 85' lang='lat' dir='ltr'><strong>Gasparis</strong></span> <span class='ocrx_word' id='word_1_52' title='bbox 2184 1036 2445 1113; x_wconf 81' lang='lat' dir='ltr'><strong>Barthii,</strong></span> <span class='ocrx_word' id='word_1_53' title='bbox 2506 1043 2810 1121; x_wconf 82' lang='lat' dir='ltr'><strong>utriusque</strong></span> 
     </span>
     <span class='ocr_line' id='line_1_8' title="bbox 616 1135 2809 1219; baseline 0.001 -21"><span class='ocrx_word' id='word_1_54' title='bbox 616 1138 1001 1209; x_wconf 78' lang='lat' dir='ltr'><strong>Bittershusii</strong></span> <span class='ocrx_word' id='word_1_55' title='bbox 1032 1159 1102 1196; x_wconf 88' lang='lat' dir='ltr'><strong>ao</strong></span> <span class='ocrx_word' id='word_1_56' title='bbox 1131 1135 1421 1213; x_wconf 79' lang='lat' dir='ltr'><strong>Vonokii3</strong></span> <span class='ocrx_word' id='word_1_57' title='bbox 1461 1158 1576 1198; x_wconf 84' lang='lat' dir='ltr'><strong>nec</strong></span> <span class='ocrx_word' id='word_1_58' title='bbox 1611 1144 2048 1219; x_wconf 85' lang='lat' dir='ltr'><strong>praeteriissem</strong></span> <span class='ocrx_word' id='word_1_59' title='bbox 2078 1161 2113 1197; x_wconf 92' lang='lat' dir='ltr'><strong>a</strong></span> <span class='ocrx_word' id='word_1_60' title='bbox 2145 1141 2388 1201; x_wconf 64' lang='lat' dir='ltr'><strong>Gne-taio</strong></span> <span class='ocrx_word' id='word_1_61' title='bbox 2423 1142 2809 1201; x_wconf 89' lang='lat' dir='ltr'><strong>subintrodu-</strong></span> 
     </span>
     <span class='ocr_line' id='line_1_9' title="bbox 618 1240 2809 1323; baseline 0 -21"><span class='ocrx_word' id='word_1_62' title='bbox 618 1253 773 1318; x_wconf 85' lang='lat' dir='ltr'><strong>ctas,</strong></span> <span class='ocrx_word' id='word_1_63' title='bbox 818 1245 871 1302; x_wconf 84' lang='lat' dir='ltr'><strong>si</strong></span> <span class='ocrx_word' id='word_1_64' title='bbox 915 1240 1063 1323; x_wconf 83' lang='lat' dir='ltr'><strong>quid</strong></span> <span class='ocrx_word' id='word_1_65' title='bbox 1105 1241 1409 1314; x_wconf 78' lang='lat' dir='ltr'><strong>valerent,</strong></span> <span class='ocrx_word' id='word_1_66' title='bbox 1454 1252 1514 1298; x_wconf 90' lang='lat' dir='ltr'><strong>et</strong></span> <span class='ocrx_word' id='word_1_67' title='bbox 1557 1262 1707 1322; x_wconf 88' lang='lat' dir='ltr'><strong>quas</strong></span> <span class='ocrx_word' id='word_1_68' title='bbox 1749 1244 1902 1302; x_wconf 88' lang='lat' dir='ltr'><strong>forte</strong></span> <span class='ocrx_word' id='word_1_69' title='bbox 1939 1240 2122 1300; x_wconf 83' lang='lat' dir='ltr'><strong>habet</strong></span> <span class='ocrx_word' id='word_1_70' title='bbox 2152 1244 2399 1301; x_wconf 79' lang='lat' dir='ltr'><strong>Rivinus</strong></span> <span class='ocrx_word' id='word_1_71' title='bbox 2419 1285 2436 1316; x_wconf 88' lang='lat'><strong>,</strong></span> <span class='ocrx_word' id='word_1_72' title='bbox 2483 1240 2809 1303; x_wconf 82' lang='lat' dir='ltr'><strong>dununodo</strong></span> 
     </span>
     <span class='ocr_line' id='line_1_10' title="bbox 618 1343 2809 1426; baseline 0 -23"><span class='ocrx_word' id='word_1_73' title='bbox 618 1343 901 1403; x_wconf 70' lang='lat' dir='ltr'><strong>editionis</strong></span> <span class='ocrx_word' id='word_1_74' title='bbox 940 1344 1015 1401; x_wconf 91' lang='lat' dir='ltr'><strong>ab</strong></span> <span class='ocrx_word' id='word_1_75' title='bbox 1053 1363 1124 1401; x_wconf 93' lang='lat' dir='ltr'><strong>eo</strong></span> <span class='ocrx_word' id='word_1_76' title='bbox 1157 1343 1460 1400; x_wconf 85' lang='lat' dir='ltr'><strong>confectae</strong></span> <span class='ocrx_word' id='word_1_77' title='bbox 1494 1346 1842 1423; x_wconf 85' lang='lat' dir='ltr'><strong>exemplum</strong></span> <span class='ocrx_word' id='word_1_78' title='bbox 1868 1343 2116 1426; x_wconf 76' lang='lat' dir='ltr'><strong>aliquod</strong></span> <span class='ocrx_word' id='word_1_79' title='bbox 2138 1346 2348 1424; x_wconf 78' lang='lat' dir='ltr'><strong>quovis</strong></span> <span class='ocrx_word' id='word_1_80' title='bbox 2373 1349 2568 1423; x_wconf 83' lang='lat' dir='ltr'><strong>pretio</strong></span> <span class='ocrx_word' id='word_1_81' title='bbox 2602 1348 2809 1425; x_wconf 85' lang='lat' dir='ltr'><strong>acqui-</strong></span> 
     </span>
     <span class='ocr_line' id='line_1_11' title="bbox 622 1447 2808 1525; baseline 0 -20"><span class='ocrx_word' id='word_1_82' title='bbox 622 1467 752 1505; x_wconf 85' lang='lat' dir='ltr'><strong>rere</strong></span> <span class='ocrx_word' id='word_1_83' title='bbox 788 1448 1138 1525; x_wconf 86' lang='lat' dir='ltr'><strong>potuissem.</strong></span> <span class='ocrx_word' id='word_1_84' title='bbox 1222 1456 1458 1523; x_wconf 86' lang='lat' dir='ltr'><strong>praeter</strong></span> <span class='ocrx_word' id='word_1_85' title='bbox 1495 1448 1750 1507; x_wconf 87' lang='lat' dir='ltr'><strong>aliorum</strong></span> <span class='ocrx_word' id='word_1_86' title='bbox 1788 1458 1962 1506; x_wconf 84' lang='lat' dir='ltr'><strong>notas</strong></span> <span class='ocrx_word' id='word_1_87' title='bbox 2003 1447 2253 1524; x_wconf 82' lang='lat' dir='ltr'><strong>apposui</strong></span> <span class='ocrx_word' id='word_1_88' title='bbox 2287 1449 2468 1511; x_wconf 80' lang='lat' dir='ltr'><strong>etiam</strong></span> <span class='ocrx_word' id='word_1_89' title='bbox 2497 1467 2666 1505; x_wconf 88' lang='lat' dir='ltr'><strong>meas</strong></span> <span class='ocrx_word' id='word_1_90' title='bbox 2685 1492 2701 1521; x_wconf 89' lang='lat'>,</span> <span class='ocrx_word' id='word_1_91' title='bbox 2744 1449 2808 1505; x_wconf 87' lang='lat' dir='ltr'><strong>in</strong></span> 
     </span>
     <span class='ocr_line' id='line_1_12' title="bbox 623 1545 2808 1630; baseline 0 -24"><span class='ocrx_word' id='word_1_92' title='bbox 623 1550 842 1630; x_wconf 87' lang='lat' dir='ltr'><strong>quibus</strong></span> <span class='ocrx_word' id='word_1_93' title='bbox 882 1549 1059 1606; x_wconf 84' lang='lat' dir='ltr'><strong>facile</strong></span> <span class='ocrx_word' id='word_1_94' title='bbox 1100 1547 1364 1624; x_wconf 86' lang='lat' dir='ltr'><strong>profecto</strong></span> <span class='ocrx_word' id='word_1_95' title='bbox 1411 1545 1565 1605; x_wconf 83' lang='lat' dir='ltr'><strong>mihi</strong></span> <span class='ocrx_word' id='word_1_96' title='bbox 1607 1550 1820 1607; x_wconf 80' lang='lat' dir='ltr'><strong>fuisset</strong></span> <span class='ocrx_word' id='word_1_97' title='bbox 1843 1550 2035 1608; x_wconf 88' lang='lat' dir='ltr'><strong>multo</strong></span> <span class='ocrx_word' id='word_1_98' title='bbox 2067 1550 2269 1627; x_wconf 88' lang='lat' dir='ltr'><strong>plures</strong></span> <span class='ocrx_word' id='word_1_99' title='bbox 2297 1559 2358 1606; x_wconf 89' lang='lat' dir='ltr'><strong>et</strong></span> <span class='ocrx_word' id='word_1_100' title='bbox 2381 1551 2571 1613; x_wconf 87' lang='lat' dir='ltr'><strong>multo</strong></span> <span class='ocrx_word' id='word_1_101' title='bbox 2605 1552 2808 1628; x_wconf 83' lang='lat' dir='ltr'><strong>copio-</strong></span> 
     </span>
     <span class='ocr_line' id='line_1_13' title="bbox 626 1636 2810 1726; baseline -0.001 -16"><span class='ocrx_word' id='word_1_102' title='bbox 626 1654 815 1711; x_wconf 86' lang='lat' dir='ltr'><strong>siores</strong></span> <span class='ocrx_word' id='word_1_103' title='bbox 839 1648 1186 1707; x_wconf 84' lang='lat' dir='ltr'><strong>eruditionis</strong></span> <span class='ocrx_word' id='word_1_104' title='bbox 1215 1636 1555 1726; x_wconf 76' lang='lat' dir='ltr'><strong>manipnlos</strong></span> <span class='ocrx_word' id='word_1_105' title='bbox 1585 1668 1933 1708; x_wconf 81' lang='lat' dir='ltr'><strong>coacervare</strong></span> <span class='ocrx_word' id='word_1_106' title='bbox 1952 1694 1969 1723; x_wconf 91' lang='lat'>,</span> <span class='ocrx_word' id='word_1_107' title='bbox 2012 1650 2118 1707; x_wconf 89' lang='lat' dir='ltr'><strong>ubi</strong></span> <span class='ocrx_word' id='word_1_108' title='bbox 2156 1647 2232 1707; x_wconf 87' lang='lat' dir='ltr'><strong>de</strong></span> <span class='ocrx_word' id='word_1_109' title='bbox 2265 1651 2441 1711; x_wconf 87' lang='lat' dir='ltr'><strong>rebus</strong></span> <span class='ocrx_word' id='word_1_110' title='bbox 2471 1662 2601 1709; x_wconf 87' lang='lat' dir='ltr'><strong>tum</strong></span> <span class='ocrx_word' id='word_1_111' title='bbox 2629 1652 2810 1708; x_wconf 86' lang='lat' dir='ltr'><strong>sacris</strong></span> 
     </span>
     <span class='ocr_line' id='line_1_14' title="bbox 627 1750 2808 1830; baseline 0.001 -19"><span class='ocrx_word' id='word_1_112' title='bbox 627 1764 691 1811; x_wconf 88' lang='lat' dir='ltr'><strong>et</strong></span> <span class='ocrx_word' id='word_1_113' title='bbox 732 1751 1003 1809; x_wconf 84' lang='lat' dir='ltr'><strong>civilibus</strong></span> <span class='ocrx_word' id='word_1_114' title='bbox 1023 1795 1040 1823; x_wconf 91' lang='lat'>‚</span> <span class='ocrx_word' id='word_1_115' title='bbox 1084 1760 1216 1809; x_wconf 90' lang='lat' dir='ltr'><strong>tum</strong></span> <span class='ocrx_word' id='word_1_116' title='bbox 1252 1750 1613 1808; x_wconf 81' lang='lat' dir='ltr'><strong>militaribus</strong></span> <span class='ocrx_word' id='word_1_117' title='bbox 1651 1761 1710 1807; x_wconf 90' lang='lat' dir='ltr'><strong>et</strong></span> <span class='ocrx_word' id='word_1_118' title='bbox 1747 1752 1956 1809; x_wconf 79' lang='lat' dir='ltr'><strong>aulicis</strong></span> <span class='ocrx_word' id='word_1_119' title='bbox 1997 1751 2305 1826; x_wconf 77' lang='lat' dir='ltr'><strong>Augustae</strong></span> <span class='ocrx_word' id='word_1_120' title='bbox 2349 1753 2509 1811; x_wconf 88' lang='lat' dir='ltr'><strong>urbis</strong></span> <span class='ocrx_word' id='word_1_121' title='bbox 2537 1753 2808 1830; x_wconf 68' lang='lat' dir='ltr'><strong>Cpo&#39;leoz‚</strong></span> 
     </span>
     <span class='ocr_line' id='line_1_15' title="bbox 624 1851 2812 1935; baseline -0.001 -23"><span class='ocrx_word' id='word_1_122' title='bbox 624 1873 881 1935; x_wconf 86' lang='lat' dir='ltr'><strong>quarum</strong></span> <span class='ocrx_word' id='word_1_123' title='bbox 915 1854 1205 1931; x_wconf 81' lang='lat' dir='ltr'><strong>corippus</strong></span> <span class='ocrx_word' id='word_1_124' title='bbox 1237 1855 1542 1925; x_wconf 87' lang='lat' dir='ltr'><strong>meminit,</strong></span> <span class='ocrx_word' id='word_1_125' title='bbox 1586 1872 1924 1910; x_wconf 87' lang='lat' dir='ltr'><strong>sermonem</strong></span> <span class='ocrx_word' id='word_1_126' title='bbox 1958 1853 2262 1913; x_wconf 83' lang='lat' dir='ltr'><strong>instituere</strong></span> <span class='ocrx_word' id='word_1_127' title='bbox 2295 1852 2641 1929; x_wconf 78' lang='lat' dir='ltr'><strong>placuisset:</strong></span> <span class='ocrx_word' id='word_1_128' title='bbox 2701 1851 2812 1914; x_wconf 76' lang='lat' dir='ltr'><strong>sed</strong></span> 
     </span>
     <span class='ocr_line' id='line_1_16' title="bbox 625 1953 2810 2033; baseline -0.003 -18"><span class='ocrx_word' id='word_1_129' title='bbox 625 1959 723 2015; x_wconf 90' lang='lat' dir='ltr'><strong>cui</strong></span> <span class='ocrx_word' id='word_1_130' title='bbox 766 1977 890 2014; x_wconf 88' lang='lat' dir='ltr'><strong>non</strong></span> <span class='ocrx_word' id='word_1_131' title='bbox 929 1953 1085 2013; x_wconf 83' lang='lat' dir='ltr'><strong>dicta</strong></span> <span class='ocrx_word' id='word_1_132' title='bbox 1123 1974 1495 2014; x_wconf 88' lang='lat' dir='ltr'><strong>summorum</strong></span> <span class='ocrx_word' id='word_1_133' title='bbox 1533 1957 1801 2013; x_wconf 71' lang='lat' dir='ltr'><strong>virorum</strong></span> <span class='ocrx_word' id='word_1_134' title='bbox 1830 1975 2042 2033; x_wconf 86' lang='lat' dir='ltr'><strong>opera,</strong></span> <span class='ocrx_word' id='word_1_135' title='bbox 2084 1957 2181 2011; x_wconf 90' lang='lat' dir='ltr'><strong>Du</strong></span> <span class='ocrx_word' id='word_1_136' title='bbox 2205 1956 2433 2020; x_wconf 84' lang='lat' dir='ltr'><strong>Fresnii</strong></span> <span class='ocrx_word' id='word_1_137' title='bbox 2460 1955 2810 2031; x_wconf 81' lang='lat' dir='ltr'><strong>praesertim</strong></span> 
     </span>
     <span class='ocr_line' id='line_1_17' title="bbox 624 2055 2808 2137; baseline -0.002 -21"><span class='ocrx_word' id='word_1_138' title='bbox 624 2070 685 2118; x_wconf 89' lang='lat' dir='ltr'><strong>et</strong></span> <span class='ocrx_word' id='word_1_139' title='bbox 723 2056 1012 2116; x_wconf 88' lang='lat' dir='ltr'><strong>Bandurii</strong></span> <span class='ocrx_word' id='word_1_140' title='bbox 1032 2102 1048 2131; x_wconf 91' lang='lat'>,</span> <span class='ocrx_word' id='word_1_141' title='bbox 1090 2059 1156 2114; x_wconf 86' lang='lat' dir='ltr'><strong>in</strong></span> <span class='ocrx_word' id='word_1_142' title='bbox 1199 2057 1415 2137; x_wconf 85' lang='lat' dir='ltr'><strong>quibus</strong></span> <span class='ocrx_word' id='word_1_143' title='bbox 1462 2055 1749 2137; x_wconf 82' lang='lat' dir='ltr'><strong>quicquid</strong></span> <span class='ocrx_word' id='word_1_144' title='bbox 1791 2055 1871 2118; x_wconf 86' lang='lat' dir='ltr'><strong>ad</strong></span> <span class='ocrx_word' id='word_1_145' title='bbox 1913 2078 2014 2115; x_wconf 84' lang='lat' dir='ltr'><strong>eas</strong></span> <span class='ocrx_word' id='word_1_146' title='bbox 2047 2060 2303 2137; x_wconf 82' lang='lat' dir='ltr'><strong>pertinet</strong></span> <span class='ocrx_word' id='word_1_147' title='bbox 2338 2057 2808 2119; x_wconf 69' lang='lat' dir='ltr'><strong>luculentIssime</strong></span> 
     </span>
     <span class='ocr_line' id='line_1_18' title="bbox 622 2156 2808 2240; baseline -0.003 -20"><span class='ocrx_word' id='word_1_148' title='bbox 622 2163 963 2240; x_wconf 83' lang='lat' dir='ltr'><strong>expositum</strong></span> <span class='ocrx_word' id='word_1_149' title='bbox 986 2159 1467 2239; x_wconf 79' lang='lat' dir='ltr'><strong>illustratumque</strong></span> <span class='ocrx_word' id='word_1_150' title='bbox 1496 2156 1826 2238; x_wconf 61' lang='lat' dir='ltr'><strong>reperitur?</strong></span> <span class='ocrx_word' id='word_1_151' title='bbox 1914 2179 2052 2217; x_wconf 87' lang='lat' dir='ltr'><strong>oum</strong></span> <span class='ocrx_word' id='word_1_152' title='bbox 2074 2170 2275 2218; x_wconf 86' lang='lat' dir='ltr'><strong>autem</strong></span> <span class='ocrx_word' id='word_1_153' title='bbox 2295 2156 2427 2216; x_wconf 87' lang='lat' dir='ltr'><strong>Ioh.</strong></span> <span class='ocrx_word' id='word_1_154' title='bbox 2454 2160 2636 2215; x_wconf 86' lang='lat' dir='ltr'><strong>Henr.</strong></span> <span class='ocrx_word' id='word_1_155' title='bbox 2665 2157 2808 2220; x_wconf 86' lang='lat' dir='ltr'><strong>Lei-</strong></span> 
     </span>
     <span class='ocr_line' id='line_1_19' title="bbox 620 2257 2810 2339; baseline -0.003 -17"><span class='ocrx_word' id='word_1_156' title='bbox 620 2261 742 2322; x_wconf 79' lang='lat' dir='ltr'><strong>cliii</strong></span> <span class='ocrx_word' id='word_1_157' title='bbox 775 2274 834 2322; x_wconf 87' lang='lat' dir='ltr'><strong>et</strong></span> <span class='ocrx_word' id='word_1_158' title='bbox 866 2261 995 2322; x_wconf 86' lang='lat' dir='ltr'><strong>Ioh.</strong></span> <span class='ocrx_word' id='word_1_159' title='bbox 1022 2266 1143 2320; x_wconf 89' lang='lat' dir='ltr'><strong>Iao.</strong></span> <span class='ocrx_word' id='word_1_160' title='bbox 1174 2259 1405 2320; x_wconf 84' lang='lat' dir='ltr'><strong>Reiskii</strong></span> <span class='ocrx_word' id='word_1_161' title='bbox 1431 2261 1632 2321; x_wconf 83' lang='lat' dir='ltr'><strong>studio</strong></span> <span class='ocrx_word' id='word_1_162' title='bbox 1666 2282 1815 2324; x_wconf 77' lang='lat' dir='ltr'><strong>mox</strong></span> <span class='ocrx_word' id='word_1_163' title='bbox 1851 2266 2035 2320; x_wconf 86' lang='lat' dir='ltr'><strong>etiam</strong></span> <span class='ocrx_word' id='word_1_164' title='bbox 2072 2265 2137 2320; x_wconf 89' lang='lat' dir='ltr'><strong>in</strong></span> <span class='ocrx_word' id='word_1_165' title='bbox 2173 2260 2443 2327; x_wconf 81' lang='lat' dir='ltr'><strong>medium</strong></span> <span class='ocrx_word' id='word_1_166' title='bbox 2481 2257 2810 2339; x_wconf 79' lang='lat' dir='ltr'><strong>prodien‘nt</strong></span> 
     </span>
     <span class='ocr_line' id='line_1_20' title="bbox 618 2360 2809 2444; baseline -0.003 -19"><span class='ocrx_word' id='word_1_167' title='bbox 618 2368 991 2426; x_wconf 79' lang='lat' dir='ltr'><strong>Constantini</strong></span> <span class='ocrx_word' id='word_1_168' title='bbox 1020 2362 1574 2444; x_wconf 74' lang='lat' dir='ltr'><strong>porphyrogenneti</strong></span> <span class='ocrx_word' id='word_1_169' title='bbox 1600 2368 1749 2444; x_wconf 87' lang='lat' dir='ltr'><strong>imp.</strong></span> <span class='ocrx_word' id='word_1_170' title='bbox 1783 2366 2077 2444; x_wconf 77' lang='lat' dir='ltr'><strong>cpolitani</strong></span> <span class='ocrx_word' id='word_1_171' title='bbox 2111 2365 2185 2422; x_wconf 81' lang='lat' dir='ltr'><strong>de</strong></span> <span class='ocrx_word' id='word_1_172' title='bbox 2220 2365 2573 2423; x_wconf 64' lang='lat' dir='ltr'><strong>ceremoniis</strong></span> <span class='ocrx_word' id='word_1_173' title='bbox 2600 2360 2809 2419; x_wconf 75' lang='lat' dir='ltr'><strong>Aulae</strong></span> 
     </span>
     <span class='ocr_line' id='line_1_21' title="bbox 620 2461 2809 2548; baseline -0.005 -21"><span class='ocrx_word' id='word_1_174' title='bbox 620 2470 1000 2548; x_wconf 71' lang='lat' dir='ltr'><strong>Byzantinus</strong></span> <span class='ocrx_word' id='word_1_175' title='bbox 1041 2468 1179 2525; x_wconf 86' lang='lat' dir='ltr'><strong>libri</strong></span> <span class='ocrx_word' id='word_1_176' title='bbox 1222 2465 1340 2524; x_wconf 90' lang='lat' dir='ltr'><strong>duo</strong></span> <span class='ocrx_word' id='word_1_177' title='bbox 1357 2511 1373 2541; x_wconf 94' lang='lat'>,</span> <span class='ocrx_word' id='word_1_178' title='bbox 1420 2468 1527 2530; x_wconf 82' lang='lat' dir='ltr'><strong>vix</strong></span> <span class='ocrx_word' id='word_1_179' title='bbox 1556 2467 1735 2545; x_wconf 89' lang='lat' dir='ltr'><strong>plane</strong></span> <span class='ocrx_word' id='word_1_180' title='bbox 1768 2466 1995 2548; x_wconf 83' lang='lat' dir='ltr'><strong>aliquid</strong></span> <span class='ocrx_word' id='word_1_181' title='bbox 2022 2488 2180 2528; x_wconf 84' lang='lat' dir='ltr'><strong>nunc</strong></span> <span class='ocrx_word' id='word_1_182' title='bbox 2219 2477 2487 2545; x_wconf 88' lang='lat' dir='ltr'><strong>superest</strong></span> <span class='ocrx_word' id='word_1_183' title='bbox 2512 2462 2674 2546; x_wconf 86' lang='lat' dir='ltr'><strong>quod</strong></span> <span class='ocrx_word' id='word_1_184' title='bbox 2700 2461 2809 2520; x_wconf 89' lang='lat' dir='ltr'><strong>de-.-</strong></span> 
     </span>
     <span class='ocr_line' id='line_1_22' title="bbox 620 2566 2809 2652; baseline -0.004 -22"><span class='ocrx_word' id='word_1_185' title='bbox 620 2570 881 2631; x_wconf 88' lang='lat' dir='ltr'><strong>siderare</strong></span> <span class='ocrx_word' id='word_1_186' title='bbox 926 2572 1060 2652; x_wconf 86' lang='lat' dir='ltr'><strong>quis</strong></span> <span class='ocrx_word' id='word_1_187' title='bbox 1117 2572 1306 2649; x_wconf 86' lang='lat' dir='ltr'><strong>possit</strong></span> <span class='ocrx_word' id='word_1_188' title='bbox 1350 2567 1429 2628; x_wconf 89' lang='lat' dir='ltr'><strong>ad</strong></span> <span class='ocrx_word' id='word_1_189' title='bbox 1472 2591 1671 2630; x_wconf 87' lang='lat' dir='ltr'><strong>mores</strong></span> <span class='ocrx_word' id='word_1_190' title='bbox 1724 2568 2157 2650; x_wconf 84' lang='lat' dir='ltr'><strong>dignoscendos</strong></span> <span class='ocrx_word' id='word_1_191' title='bbox 2208 2570 2380 2628; x_wconf 88' lang='lat' dir='ltr'><strong>aulae</strong></span> <span class='ocrx_word' id='word_1_192' title='bbox 2423 2566 2809 2647; x_wconf 77' lang='lat' dir='ltr'><strong>Byzantinae.</strong></span> 
     </span>
     <span class='ocr_line' id='line_1_23' title="bbox 617 2665 2810 2753; baseline -0.003 -21"><span class='ocrx_word' id='word_1_193' title='bbox 617 2673 734 2732; x_wconf 81' lang='lat' dir='ltr'><strong>hos</strong></span> <span class='ocrx_word' id='word_1_194' title='bbox 775 2677 959 2752; x_wconf 86' lang='lat' dir='ltr'><strong>igitur</strong></span> <span class='ocrx_word' id='word_1_195' title='bbox 999 2675 1248 2752; x_wconf 83' lang='lat' dir='ltr'><strong>quisque</strong></span> <span class='ocrx_word' id='word_1_196' title='bbox 1288 2692 1398 2749; x_wconf 87' lang='lat' dir='ltr'><strong>per</strong></span> <span class='ocrx_word' id='word_1_197' title='bbox 1442 2692 1506 2730; x_wconf 88' lang='lat' dir='ltr'><strong>se</strong></span> <span class='ocrx_word' id='word_1_198' title='bbox 1558 2674 1866 2733; x_wconf 87' lang='lat' dir='ltr'><strong>consulere</strong></span> <span class='ocrx_word' id='word_1_199' title='bbox 1908 2677 2127 2753; x_wconf 82' lang='lat' dir='ltr'><strong>poterit</strong></span> <span class='ocrx_word' id='word_1_200' title='bbox 2164 2675 2423 2732; x_wconf 75' lang='lat' dir='ltr'><strong>Graecae</strong></span> <span class='ocrx_word' id='word_1_201' title='bbox 2466 2665 2810 2732; x_wconf 75' lang='lat' dir='ltr'><strong>eruditionis</strong></span> 
     </span>
     <span class='ocr_line' id='line_1_24' title="bbox 621 2774 2808 2852; baseline -0.004 -18"><span class='ocrx_word' id='word_1_202' title='bbox 621 2774 952 2849; x_wconf 79' lang='lat' dir='ltr'><strong>thesauros,</strong></span> <span class='ocrx_word' id='word_1_203' title='bbox 995 2776 1049 2834; x_wconf 87' lang='lat' dir='ltr'><strong>si</strong></span> <span class='ocrx_word' id='word_1_204' title='bbox 1076 2777 1135 2830; x_wconf 84' lang='lat' dir='ltr'><strong>ei</strong></span> <span class='ocrx_word' id='word_1_205' title='bbox 1166 2792 1314 2852; x_wconf 85' lang='lat' dir='ltr'><strong>opus</strong></span> <span class='ocrx_word' id='word_1_206' title='bbox 1339 2774 1569 2831; x_wconf 86' lang='lat' dir='ltr'><strong>libebit.</strong></span> <span class='ocrx_word' id='word_1_207' title='bbox 1655 2778 1797 2833; x_wconf 83' lang='lat' dir='ltr'><strong>satis</strong></span> <span class='ocrx_word' id='word_1_208' title='bbox 1824 2775 1978 2834; x_wconf 84' lang='lat' dir='ltr'><strong>mihi</strong></span> <span class='ocrx_word' id='word_1_209' title='bbox 2008 2797 2136 2835; x_wconf 81' lang='lat' dir='ltr'><strong>esse</strong></span> <span class='ocrx_word' id='word_1_210' title='bbox 2168 2777 2334 2840; x_wconf 80' lang='lat' dir='ltr'><strong>volui</strong></span> <span class='ocrx_word' id='word_1_211' title='bbox 2356 2784 2443 2848; x_wconf 87' lang='lat' dir='ltr'><strong>ut,</strong></span> <span class='ocrx_word' id='word_1_212' title='bbox 2486 2790 2640 2852; x_wconf 89' lang='lat' dir='ltr'><strong>quae</strong></span> <span class='ocrx_word' id='word_1_213' title='bbox 2665 2788 2808 2827; x_wconf 87' lang='lat' dir='ltr'><strong>con-</strong></span> 
     </span>
     <span class='ocr_line' id='line_1_25' title="bbox 622 2873 2809 2955; baseline -0.005 -18"><span class='ocrx_word' id='word_1_214' title='bbox 622 2874 898 2937; x_wconf 81' lang='lat' dir='ltr'><strong>iectando</strong></span> <span class='ocrx_word' id='word_1_215' title='bbox 943 2877 1171 2954; x_wconf 83' lang='lat' dir='ltr'><strong>primns</strong></span> <span class='ocrx_word' id='word_1_216' title='bbox 1220 2877 1286 2931; x_wconf 87' lang='lat' dir='ltr'><strong>in</strong></span> <span class='ocrx_word' id='word_1_217' title='bbox 1325 2884 1497 2932; x_wconf 82' lang='lat' dir='ltr'><strong>textu</strong></span> <span class='ocrx_word' id='word_1_218' title='bbox 1541 2875 1783 2954; x_wconf 79' lang='lat' dir='ltr'><strong>corippi</strong></span> <span class='ocrx_word' id='word_1_219' title='bbox 1823 2875 1957 2935; x_wconf 91' lang='lat' dir='ltr'><strong>Ioca</strong></span> <span class='ocrx_word' id='word_1_220' title='bbox 2000 2876 2313 2938; x_wconf 84' lang='lat' dir='ltr'><strong>emendavi</strong></span> <span class='ocrx_word' id='word_1_221' title='bbox 2349 2887 2526 2955; x_wconf 91' lang='lat' dir='ltr'><strong>atque</strong></span> <span class='ocrx_word' id='word_1_222' title='bbox 2557 2873 2809 2945; x_wconf 86' lang='lat' dir='ltr'><strong>restitui,</strong></span> 
     </span>
     <span class='ocr_line' id='line_1_26' title="bbox 624 2975 2809 3059; baseline -0.003 -21"><span class='ocrx_word' id='word_1_223' title='bbox 624 2981 690 3038; x_wconf 86' lang='lat' dir='ltr'><strong>in</strong></span> <span class='ocrx_word' id='word_1_224' title='bbox 735 2981 893 3038; x_wconf 86' lang='lat' dir='ltr'><strong>notis</strong></span> <span class='ocrx_word' id='word_1_225' title='bbox 933 2979 1087 3037; x_wconf 86' lang='lat' dir='ltr'><strong>meis</strong></span> <span class='ocrx_word' id='word_1_226' title='bbox 1128 2976 1576 3053; x_wconf 83' lang='lat' dir='ltr'><strong>confirmarem,</strong></span> <span class='ocrx_word' id='word_1_227' title='bbox 1620 2977 1918 3059; x_wconf 79' lang='lat' dir='ltr'><strong>quaedam</strong></span> <span class='ocrx_word' id='word_1_228' title='bbox 1943 2981 2086 3039; x_wconf 91' lang='lat' dir='ltr'><strong>licet</strong></span> <span class='ocrx_word' id='word_1_229' title='bbox 2111 2983 2295 3040; x_wconf 89' lang='lat' dir='ltr'><strong>etiam</strong></span> <span class='ocrx_word' id='word_1_230' title='bbox 2326 2975 2671 3042; x_wconf 72' lang='lat' dir='ltr'><strong>eruditionis</strong></span> <span class='ocrx_word' id='word_1_231' title='bbox 2705 2992 2809 3031; x_wconf 89' lang='lat' dir='ltr'><strong>ca·-</strong></span> 
     </span>
     <span class='ocr_line' id='line_1_27' title="bbox 626 3077 2806 3164; baseline -0.003 -24"><span class='ocrx_word' id='word_1_232' title='bbox 626 3084 753 3162; x_wconf 87' lang='lat' dir='ltr'><strong>pita</strong></span> <span class='ocrx_word' id='word_1_233' title='bbox 794 3079 1098 3140; x_wconf 83' lang='lat' dir='ltr'><strong>interdum</strong></span> <span class='ocrx_word' id='word_1_234' title='bbox 1139 3081 1421 3140; x_wconf 81' lang='lat' dir='ltr'><strong>extulerit</strong></span> <span class='ocrx_word' id='word_1_235' title='bbox 1458 3100 1697 3139; x_wconf 86' lang='lat' dir='ltr'><strong>currens</strong></span> <span class='ocrx_word' id='word_1_236' title='bbox 1722 3083 2006 3142; x_wconf 85' lang='lat' dir='ltr'><strong>calamus.</strong></span> <span class='ocrx_word' id='word_1_237' title='bbox 2090 3104 2267 3164; x_wconf 89' lang='lat' dir='ltr'><strong>porro</strong></span> <span class='ocrx_word' id='word_1_238' title='bbox 2291 3081 2459 3141; x_wconf 82' lang='lat' dir='ltr'><strong>haesi</strong></span> <span class='ocrx_word' id='word_1_239' title='bbox 2485 3077 2699 3137; x_wconf 89' lang='lat' dir='ltr'><strong>dubius</strong></span> <span class='ocrx_word' id='word_1_240' title='bbox 2727 3095 2806 3133; x_wconf 85' lang='lat' dir='ltr'><strong>an</strong></span> 
     </span>
     <span class='ocr_line' id='line_1_28' title="bbox 626 3182 2804 3263; baseline -0.002 -19"><span class='ocrx_word' id='word_1_241' title='bbox 626 3182 1006 3244; x_wconf 87' lang='lat' dir='ltr'><strong>solummodo</strong></span> <span class='ocrx_word' id='word_1_242' title='bbox 1052 3193 1287 3241; x_wconf 79' lang='lat' dir='ltr'><strong>textum</strong></span> <span class='ocrx_word' id='word_1_243' title='bbox 1328 3184 1569 3263; x_wconf 88' lang='lat' dir='ltr'><strong>Corippi</strong></span> <span class='ocrx_word' id='word_1_244' title='bbox 1615 3184 2000 3245; x_wconf 87' lang='lat' dir='ltr'><strong>emendatum</strong></span> <span class='ocrx_word' id='word_1_245' title='bbox 2037 3184 2244 3247; x_wconf 87' lang='lat' dir='ltr'><strong>darem</strong></span> <span class='ocrx_word' id='word_1_246' title='bbox 2258 3230 2276 3261; x_wconf 89' lang='lat'>,</span> <span class='ocrx_word' id='word_1_247' title='bbox 2320 3205 2398 3242; x_wconf 90' lang='lat' dir='ltr'><strong>an</strong></span> <span class='ocrx_word' id='word_1_248' title='bbox 2426 3185 2623 3262; x_wconf 86' lang='lat' dir='ltr'><strong>potius</strong></span> <span class='ocrx_word' id='word_1_249' title='bbox 2650 3197 2804 3260; x_wconf 79' lang='lat' dir='ltr'><strong>qua-</strong></span> 
     </span>
     <span class='ocr_line' id='line_1_29' title="bbox 623 3284 2804 3368; baseline -0.003 -22"><span class='ocrx_word' id='word_1_250' title='bbox 623 3287 749 3347; x_wconf 89' lang='lat' dir='ltr'><strong>lem</strong></span> <span class='ocrx_word' id='word_1_251' title='bbox 785 3288 1028 3346; x_wconf 85' lang='lat' dir='ltr'><strong>Ruizius</strong></span> <span class='ocrx_word' id='word_1_252' title='bbox 1047 3329 1063 3360; x_wconf 92' lang='lat'>,</span> <span class='ocrx_word' id='word_1_253' title='bbox 1107 3294 1174 3341; x_wconf 88' lang='lat' dir='ltr'><strong>ut</strong></span> <span class='ocrx_word' id='word_1_254' title='bbox 1222 3284 1336 3343; x_wconf 88' lang='lat' dir='ltr'><strong>sibi</strong></span> <span class='ocrx_word' id='word_1_255' title='bbox 1379 3287 1578 3348; x_wconf 73' lang='lat' dir='ltr'><strong>visum</strong></span> <span class='ocrx_word' id='word_1_256' title='bbox 1620 3297 1743 3363; x_wconf 82' lang='lat' dir='ltr'><strong>est,</strong></span> <span class='ocrx_word' id='word_1_257' title='bbox 1788 3308 1869 3348; x_wconf 83' lang='lat' dir='ltr'><strong>ex</strong></span> <span class='ocrx_word' id='word_1_258' title='bbox 1906 3309 2002 3352; x_wconf 88' lang='lat' dir='ltr'><strong>ms</strong></span> <span class='ocrx_word' id='word_1_259' title='bbox 2046 3288 2247 3348; x_wconf 84' lang='lat' dir='ltr'><strong>codice</strong></span> <span class='ocrx_word' id='word_1_260' title='bbox 2278 3289 2439 3368; x_wconf 83' lang='lat' dir='ltr'><strong>typis</strong></span> <span class='ocrx_word' id='word_1_261' title='bbox 2476 3284 2804 3364; x_wconf 78' lang='lat' dir='ltr'><strong>expressit:</strong></span> 
     </span>
     <span class='ocr_line' id='line_1_30' title="bbox 623 3385 2805 3472; baseline -0.004 -23"><span class='ocrx_word' id='word_1_262' title='bbox 623 3387 735 3449; x_wconf 86' lang='lat' dir='ltr'><strong>sed</strong></span> <span class='ocrx_word' id='word_1_263' title='bbox 760 3387 1008 3448; x_wconf 86' lang='lat' dir='ltr'><strong>tandem</strong></span> <span class='ocrx_word' id='word_1_264' title='bbox 1032 3385 1098 3444; x_wconf 89' lang='lat' dir='ltr'><strong>id</strong></span> <span class='ocrx_word' id='word_1_265' title='bbox 1126 3388 1356 3446; x_wconf 86' lang='lat' dir='ltr'><strong>consilii</strong></span> <span class='ocrx_word' id='word_1_266' title='bbox 1382 3388 1743 3466; x_wconf 87' lang='lat' dir='ltr'><strong>captandum</strong></span> <span class='ocrx_word' id='word_1_267' title='bbox 1767 3394 1971 3450; x_wconf 86' lang='lat' dir='ltr'><strong>censui</strong></span> <span class='ocrx_word' id='word_1_268' title='bbox 1993 3402 2061 3450; x_wconf 87' lang='lat' dir='ltr'><strong>ut</strong></span> <span class='ocrx_word' id='word_1_269' title='bbox 2081 3400 2445 3472; x_wconf 82' lang='lat' dir='ltr'><strong>praestarem</strong></span> <span class='ocrx_word' id='word_1_270' title='bbox 2463 3398 2805 3465; x_wconf 85' lang='lat' dir='ltr'><strong>utrumque,</strong></span> 
     </span>
     <span class='ocr_line' id='line_1_31' title="bbox 624 3488 2806 3573; baseline -0.003 -22"><span class='ocrx_word' id='word_1_271' title='bbox 624 3491 783 3551; x_wconf 90' lang='lat' dir='ltr'><strong>unde</strong></span> <span class='ocrx_word' id='word_1_272' title='bbox 814 3492 948 3573; x_wconf 86' lang='lat' dir='ltr'><strong>quis</strong></span> <span class='ocrx_word' id='word_1_273' title='bbox 981 3491 1170 3569; x_wconf 87' lang='lat' dir='ltr'><strong>possit</strong></span> <span class='ocrx_word' id='word_1_274' title='bbox 1200 3510 1282 3547; x_wconf 81' lang='lat' dir='ltr'><strong>ex</strong></span> <span class='ocrx_word' id='word_1_275' title='bbox 1307 3493 1619 3572; x_wconf 73' lang='lat' dir='ltr'><strong>utriusque</strong></span> <span class='ocrx_word' id='word_1_276' title='bbox 1643 3502 1846 3553; x_wconf 87' lang='lat' dir='ltr'><strong>textus</strong></span> <span class='ocrx_word' id='word_1_277' title='bbox 1889 3496 2202 3558; x_wconf 81' lang='lat' dir='ltr'><strong>collatione</strong></span> <span class='ocrx_word' id='word_1_278' title='bbox 2217 3538 2234 3569; x_wconf 88' lang='lat'>‚</span> <span class='ocrx_word' id='word_1_279' title='bbox 2279 3503 2338 3552; x_wconf 85' lang='lat' dir='ltr'><strong>et</strong></span> <span class='ocrx_word' id='word_1_280' title='bbox 2368 3512 2450 3549; x_wconf 81' lang='lat' dir='ltr'><strong>ex</strong></span> <span class='ocrx_word' id='word_1_281' title='bbox 2479 3488 2806 3550; x_wconf 84' lang='lat' dir='ltr'><strong>rationibus</strong></span> 
     </span>
     <span class='ocr_line' id='line_1_32' title="bbox 622 3591 2806 3677; baseline -0.002 -25"><span class='ocrx_word' id='word_1_282' title='bbox 622 3613 776 3675; x_wconf 87' lang='lat' dir='ltr'><strong>quae</strong></span> <span class='ocrx_word' id='word_1_283' title='bbox 802 3596 868 3651; x_wconf 87' lang='lat' dir='ltr'><strong>in</strong></span> <span class='ocrx_word' id='word_1_284' title='bbox 897 3591 1142 3652; x_wconf 80' lang='lat' dir='ltr'><strong>adiectis</strong></span> <span class='ocrx_word' id='word_1_285' title='bbox 1169 3594 1469 3654; x_wconf 76' lang='lat' dir='ltr'><strong>variorum</strong></span> <span class='ocrx_word' id='word_1_286' title='bbox 1492 3597 1652 3654; x_wconf 86' lang='lat' dir='ltr'><strong>notis</strong></span> <span class='ocrx_word' id='word_1_287' title='bbox 1678 3607 2086 3677; x_wconf 85' lang='lat' dir='ltr'><strong>proponuntur</strong></span> <span class='ocrx_word' id='word_1_288' title='bbox 2105 3641 2123 3672; x_wconf 93' lang='lat'>,</span> <span class='ocrx_word' id='word_1_289' title='bbox 2179 3615 2315 3655; x_wconf 92' lang='lat' dir='ltr'><strong>eam</strong></span> <span class='ocrx_word' id='word_1_290' title='bbox 2355 3595 2674 3653; x_wconf 89' lang='lat' dir='ltr'><strong>lectionem</strong></span> <span class='ocrx_word' id='word_1_291' title='bbox 2702 3611 2806 3650; x_wconf 88' lang='lat' dir='ltr'><strong>se-</strong></span> 
     </span>
     <span class='ocr_line' id='line_1_33' title="bbox 620 3694 2803 3777; baseline -0.002 -23"><span class='ocrx_word' id='word_1_292' title='bbox 620 3699 727 3777; x_wconf 87' lang='lat' dir='ltr'><strong>qui</strong></span> <span class='ocrx_word' id='word_1_293' title='bbox 770 3716 923 3777; x_wconf 91' lang='lat' dir='ltr'><strong>quae</strong></span> <span class='ocrx_word' id='word_1_294' title='bbox 960 3697 1075 3754; x_wconf 87' lang='lat' dir='ltr'><strong>sibi</strong></span> <span class='ocrx_word' id='word_1_295' title='bbox 1114 3699 1347 3776; x_wconf 83' lang='lat' dir='ltr'><strong>placeat</strong></span> <span class='ocrx_word' id='word_1_296' title='bbox 1380 3700 1594 3775; x_wconf 85' lang='lat' dir='ltr'><strong>magis.</strong></span> <span class='ocrx_word' id='word_1_297' title='bbox 1681 3701 1981 3765; x_wconf 79' lang='lat' dir='ltr'><strong>variorum</strong></span> <span class='ocrx_word' id='word_1_298' title='bbox 2010 3698 2374 3758; x_wconf 78' lang='lat' dir='ltr'><strong>eruditorum</strong></span> <span class='ocrx_word' id='word_1_299' title='bbox 2400 3708 2576 3755; x_wconf 86' lang='lat' dir='ltr'><strong>notae</strong></span> <span class='ocrx_word' id='word_1_300' title='bbox 2609 3694 2803 3753; x_wconf 82' lang='lat' dir='ltr'><strong>Ruizii</strong></span> 
     </span>
     <span class='ocr_line' id='line_1_34' title="bbox 622 3796 2799 3882; baseline -0.002 -26"><span class='ocrx_word' id='word_1_301' title='bbox 622 3808 856 3857; x_wconf 77' lang='lat' dir='ltr'><strong>textum</strong></span> <span class='ocrx_word' id='word_1_302' title='bbox 885 3801 1227 3879; x_wconf 87' lang='lat' dir='ltr'><strong>respiciunt,</strong></span> <span class='ocrx_word' id='word_1_303' title='bbox 1268 3821 1441 3859; x_wconf 90' lang='lat' dir='ltr'><strong>meae</strong></span> <span class='ocrx_word' id='word_1_304' title='bbox 1471 3810 1708 3858; x_wconf 82' lang='lat' dir='ltr'><strong>textum</strong></span> <span class='ocrx_word' id='word_1_305' title='bbox 1733 3820 1914 3882; x_wconf 90' lang='lat' dir='ltr'><strong>quem</strong></span> <span class='ocrx_word' id='word_1_306' title='bbox 1942 3799 2327 3862; x_wconf 84' lang='lat' dir='ltr'><strong>emendatum</strong></span> <span class='ocrx_word' id='word_1_307' title='bbox 2350 3797 2644 3875; x_wconf 87' lang='lat' dir='ltr'><strong>inscripsi,</strong></span> <span class='ocrx_word' id='word_1_308' title='bbox 2689 3796 2799 3851; x_wconf 83' lang='lat' dir='ltr'><strong>etsi</strong></span> 
     </span>
     <span class='ocr_line' id='line_1_35' title="bbox 617 3898 2802 3984; baseline -0.003 -23"><span class='ocrx_word' id='word_1_309' title='bbox 617 3905 809 3961; x_wconf 83' lang='lat' dir='ltr'><strong>sentio</strong></span> <span class='ocrx_word' id='word_1_310' title='bbox 854 3901 1051 3961; x_wconf 87' lang='lat' dir='ltr'><strong>adhuc</strong></span> <span class='ocrx_word' id='word_1_311' title='bbox 1078 3905 1269 3965; x_wconf 85' lang='lat' dir='ltr'><strong>multa</strong></span> <span class='ocrx_word' id='word_1_312' title='bbox 1301 3903 1511 3964; x_wconf 88' lang='lat' dir='ltr'><strong>adesse</strong></span> <span class='ocrx_word' id='word_1_313' title='bbox 1542 3923 1696 3984; x_wconf 85' lang='lat' dir='ltr'><strong>quae</strong></span> <span class='ocrx_word' id='word_1_314' title='bbox 1727 3915 1832 3962; x_wconf 88' lang='lat' dir='ltr'><strong>ant</strong></span> <span class='ocrx_word' id='word_1_315' title='bbox 1857 3900 2148 3962; x_wconf 87' lang='lat' dir='ltr'><strong>secundas</strong></span> <span class='ocrx_word' id='word_1_316' title='bbox 2177 3921 2349 3960; x_wconf 87' lang='lat' dir='ltr'><strong>curas</strong></span> <span class='ocrx_word' id='word_1_317' title='bbox 2375 3910 2478 3958; x_wconf 88' lang='lat' dir='ltr'><strong>aut</strong></span> <span class='ocrx_word' id='word_1_318' title='bbox 2505 3898 2802 3976; x_wconf 84' lang='lat' dir='ltr'><strong>peritioris</strong></span> 
     </span>
     <span class='ocr_line' id='line_1_36' title="bbox 618 4004 2802 4088; baseline -0.004 -25"><span class='ocrx_word' id='word_1_319' title='bbox 618 4004 837 4064; x_wconf 85' lang='lat' dir='ltr'><strong>medici</strong></span> <span class='ocrx_word' id='word_1_320' title='bbox 880 4027 1095 4088; x_wconf 65' lang='lat' dir='ltr'><strong>manus</strong></span> <span class='ocrx_word' id='word_1_321' title='bbox 1138 4016 1484 4085; x_wconf 82' lang='lat' dir='ltr'><strong>exspectant</strong></span> <span class='ocrx_word' id='word_1_322' title='bbox 1500 4049 1518 4079; x_wconf 92' lang='lat'>‚</span> <span class='ocrx_word' id='word_1_323' title='bbox 1563 4016 1630 4063; x_wconf 89' lang='lat' dir='ltr'><strong>ut</strong></span> <span class='ocrx_word' id='word_1_324' title='bbox 1665 4017 1981 4078; x_wconf 67' lang='lat' dir='ltr'><strong>sanentur-3</strong></span> <span class='ocrx_word' id='word_1_325' title='bbox 2021 4021 2278 4084; x_wconf 87' lang='lat' dir='ltr'><strong>quorum</strong></span> <span class='ocrx_word' id='word_1_326' title='bbox 2305 4004 2504 4082; x_wconf 90' lang='lat' dir='ltr'><strong>aliqua</strong></span> <span class='ocrx_word' id='word_1_327' title='bbox 2527 4019 2664 4057; x_wconf 85' lang='lat' dir='ltr'><strong>cum</strong></span> <span class='ocrx_word' id='word_1_328' title='bbox 2695 4019 2802 4077; x_wconf 90' lang='lat' dir='ltr'><strong>per</strong></span> 
     </span>
     <span class='ocr_line' id='line_1_37' title="bbox 619 4103 2797 4188; baseline -0.004 -22"><span class='ocrx_word' id='word_1_329' title='bbox 619 4120 853 4188; x_wconf 85' lang='lat' dir='ltr'><strong>tempus</strong></span> <span class='ocrx_word' id='word_1_330' title='bbox 892 4110 1292 4168; x_wconf 87' lang='lat' dir='ltr'><strong>subsenserim</strong></span> <span class='ocrx_word' id='word_1_331' title='bbox 1311 4153 1328 4184; x_wconf 87' lang='lat'><strong>,</strong></span> <span class='ocrx_word' id='word_1_332' title='bbox 1371 4112 1436 4167; x_wconf 86' lang='lat' dir='ltr'><strong>in</strong></span> <span class='ocrx_word' id='word_1_333' title='bbox 1476 4109 1634 4166; x_wconf 86' lang='lat' dir='ltr'><strong>notis</strong></span> <span class='ocrx_word' id='word_1_334' title='bbox 1657 4106 1799 4166; x_wconf 87' lang='lat' dir='ltr'><strong>inde</strong></span> <span class='ocrx_word' id='word_1_335' title='bbox 1825 4108 2239 4166; x_wconf 86' lang='lat' dir='ltr'><strong>reconcinnare</strong></span> <span class='ocrx_word' id='word_1_336' title='bbox 2265 4125 2384 4163; x_wconf 87' lang='lat' dir='ltr'><strong>non</strong></span> <span class='ocrx_word' id='word_1_337' title='bbox 2407 4103 2797 4181; x_wconf 86' lang='lat' dir='ltr'><strong>praetermisi,</strong></span> 
     </span>
     <span class='ocr_line' id='line_1_38' title="bbox 618 4208 2801 4291; baseline -0.001 -25"><span class='ocrx_word' id='word_1_338' title='bbox 618 4212 681 4266; x_wconf 88' lang='lat' dir='ltr'><strong>in</strong></span> <span class='ocrx_word' id='word_1_339' title='bbox 711 4210 925 4290; x_wconf 84' lang='lat' dir='ltr'><strong>quibus</strong></span> <span class='ocrx_word' id='word_1_340' title='bbox 956 4213 1137 4268; x_wconf 86' lang='lat' dir='ltr'><strong>etiam</strong></span> <span class='ocrx_word' id='word_1_341' title='bbox 1166 4210 1593 4290; x_wconf 80' lang='lat' dir='ltr'><strong>typographica</strong></span> <span class='ocrx_word' id='word_1_342' title='bbox 1631 4208 1929 4291; x_wconf 86' lang='lat' dir='ltr'><strong>quaedam</strong></span> <span class='ocrx_word' id='word_1_343' title='bbox 1956 4219 2145 4267; x_wconf 81' lang='lat' dir='ltr'><strong>errata</strong></span> <span class='ocrx_word' id='word_1_344' title='bbox 2175 4208 2429 4266; x_wconf 82' lang='lat' dir='ltr'><strong>correxi.</strong></span> <span class='ocrx_word' id='word_1_345' title='bbox 2513 4208 2801 4286; x_wconf 85' lang='lat' dir='ltr'><strong>quoniam</strong></span> 
     </span>
     <span class='ocr_line' id='line_1_39' title="bbox 619 4307 2798 4397; baseline -0.003 -21"><span class='ocrx_word' id='word_1_346' title='bbox 619 4331 757 4376; x_wconf 73' lang='lat' dir='ltr'><strong>vero</strong></span> <span class='ocrx_word' id='word_1_347' title='bbox 781 4311 932 4372; x_wconf 87' lang='lat' dir='ltr'><strong>haec</strong></span> <span class='ocrx_word' id='word_1_348' title='bbox 960 4314 1200 4394; x_wconf 82' lang='lat' dir='ltr'><strong>corippi</strong></span> <span class='ocrx_word' id='word_1_349' title='bbox 1230 4316 1492 4372; x_wconf 84' lang='lat' dir='ltr'><strong>carmina</strong></span> <span class='ocrx_word' id='word_1_350' title='bbox 1512 4357 1529 4392; x_wconf 87' lang='lat'><strong>,</strong></span> <span class='ocrx_word' id='word_1_351' title='bbox 1558 4313 1889 4397; x_wconf 51' lang='lat' dir='ltr'><strong>¹quinquies</strong></span> <span class='ocrx_word' id='word_1_352' title='bbox 1920 4313 2060 4373; x_wconf 81' lang='lat' dir='ltr'><strong>licet</strong></span> <span class='ocrx_word' id='word_1_353' title='bbox 2087 4313 2246 4393; x_wconf 82' lang='lat' dir='ltr'><strong>typis</strong></span> <span class='ocrx_word' id='word_1_354' title='bbox 2280 4313 2605 4392; x_wconf 79' lang='lat' dir='ltr'><strong>impressa,</strong></span> <span class='ocrx_word' id='word_1_355' title='bbox 2648 4307 2798 4369; x_wconf 88' lang='lat' dir='ltr'><strong>adeo</strong></span> 
     </span>
    </p>
   </div>
  </div>
 </body>
</html>
