3210 5200
985 427 1300 497 IUSTINI
1347 429 1720 501 MINORIS
1759 432 1919 500 LIB.
1965 435 2050 501 Π.
2468 435 2602 507 181

590 613 775 673 regna
801 589 950 652 deus
978 612 1232 673 regnum
1257 595 1430 654 nobis
1460 598 1754 656 concessit
1776 599 2025 672 avitum,

430 698 550 760 180
591 707 650 754 et
672 697 932 774 patrium
964 694 1241 754 diadema
1272 696 1438 755 dedit
1457 741 1474 771 ,
1515 718 1806 778 curasque
1837 698 2085 776 regendi
2137 772 2146 783 Α

457 808 461 812 ’
590 800 876 876 imposuit
905 817 1104 855 rerum
1125 799 1386 875 genitor,
1431 817 1583 878 quas
1614 801 1743 877 ipse
1768 782 2011 858 crenvit.

591 897 907 957 laudamus
930 899 1166 958 factoris
1191 919 1339 978 opus
1354 943 1371 973 ,
1415 919 1739 980 regemque
1762 900 2140 959 tremendum

590 1003 976 1078 suspicimus3
1022 1013 1218 1079 gretes
1243 1002 1505 1079 agimus,
1548 1011 1866 1081 gratesque
1897 1004 2173 1063 fatemur.

594 1104 780 1180 ipsius
806 1111 895 1160 est
920 1100 1314 1183 quodcunque
1342 1121 1580 1178 sumus,
1624 1079 1853 1164 ratione
1880 1106 2188 1183 probante,

428 1202 547 1267 185
592 1214 650 1260 et
669 1223 875 1261 rerum
900 1214 1085 1262 certas
1311 1201 1314 1206 ’

591 1305 862 1385 pluribus
886 1325 966 1364 ex
988 1306 1275 1364 membris
1303 1307 1527 1365 animal
1554 1308 1931 1387 componitur
1953 1327 2162 1383 unum,

589 1405 698 1467 sed
723 1417 900 1486 caput
930 1418 1020 1466 est
1048 1405 1212 1487 quod
1235 1408 1502 1465 membra
1530 1410 1718 1486 regit:
1762 1408 1910 1467 deus
1936 1428 2076 1486 ergo
2101 1419 2328 1467 creator

587 1528 950 1588 componens
978 1506 1288 1566 hominem
1312 1519 1560 1568 naturae
1594 1507 1834 1569 foedere
1865 1512 2036 1569 iussit

589 1612 868 1672 omnibus
891 1620 959 1669 ut
983 1609 1269 1668 membris
1296 1621 1471 1688 caput
1494 1613 1781 1691 imperet3
1824 1622 2009 1693 utque
2037 1621 2336 1690 regantur,

426 1717 543 1780 190
587 1716 899 1773 coniuncta
929 1721 1019 1771 est
1049 1714 1229 1791 capiti
1252 1714 1542 1790 sapientia
1558 1758 1574 1788 ‚
1620 1716 1879 1791 corporis
1908 1733 2104 1772 arcem

586 1836 741 1897 quae
768 1815 1028 1872 retinens
1058 1814 1245 1873 oculis
1271 1814 1609 1891 speculetur
1632 1817 1901 1874 membra
1930 1817 2174 1890 serenis,

585 1929 646 1977 et
672 1920 1055 1997 quoscunque
1081 1912 1244 1973 videt
1264 1916 1537 1993 vigilanti
1561 1918 1792 1976 lumine
1818 1919 2030 1978 sollers

584 2029 750 2100 peste
780 2018 1119 2075 laborantes
1145 2017 1394 2076 subiecti
1423 2021 1682 2098 corporis
1706 2030 1867 2080 artus

487 2148 498 2159 ·
588 2130 789 2194 sanet,
834 2130 893 2178 et
919 2119 1168 2178 infestos
1195 2121 1383 2198 pellat
1403 2119 1800 2180 medicamine
1825 2121 2085 2179 morbos.

423 2225 541 2291 195
584 2227 918 2283 Romanum
941 2222 1260 2298 imperium
1281 2241 1491 2300 corpus
1523 2223 1674 2282 bene
1701 2225 1943 2302 ponitur
1968 2242 2158 2281 unum

585 2325 974 2403 compositum
998 2324 1205 2382 multis
1220 2367 1237 2398 ,
1281 2321 1445 2402 quod
1473 2324 1565 2382 fas
1590 2334 1682 2383 est
1707 2323 1902 2383 dicere
1920 2367 1937 2398 ,
1981 2323 2287 2380 membris.

582 2446 692 2485 nos
715 2445 920 2485 sumus
945 2444 1086 2502 ergo
1121 2434 1298 2503 ceput
1326 2424 1566 2485 solidati
1599 2427 1858 2503 corporis
1884 2421 2096 2484 huius:

582 2526 724 2588 huic
756 2547 922 2586 sacro
954 2528 1133 2605 capiti
1159 2527 1315 2587 facta
1345 2537 1435 2585 est
1461 2528 1766 2606 Sapientia
1795 2545 2052 2599 consors,

586 2651 737 2712 quae
762 2628 914 2688 mihi
938 2630 1324 2688 commissum
1350 2632 1571 2707 pariter
1597 2640 1766 2707 regat
1792 2630 1997 2686 inclita
2022 2623 2320 2685 mundum

330 2727 347 2758 '
416 2737 541 2798 200
583 2731 790 2812 [sede]
835 2730 1049 2791 sedens
1076 2749 1216 2789 una.
1299 2751 1406 2791 vos
1435 2752 1471 2792 o
1495 2728 1652 2790 mihi
1678 2732 1955 2811 proxima
1978 2730 2268 2802 membra,

584 2837 897 2914 conscripti
918 2845 1147 2912 patres,
1193 2836 1381 2892 nostri
1409 2854 1546 2914 spes
1573 2836 1841 2892 maxima
1867 2835 2058 2911 regni,

582 2957 687 2996 vos
719 2939 858 2995 estis
888 2947 1094 3015 pectus
1110 2981 1127 3011 ,
1169 2956 1275 2995 vos
1301 2933 1545 2994 brachia
1571 2937 1807 2994 verticis
1834 2932 2052 3012 huius;

581 3059 835 3121 quorum
865 3040 1124 3098 consiliis
1153 3058 1525 3119 quorumque
1554 3038 1858 3098 laboribus
1881 3057 1992 3097 usa

579 3144 819 3222 publica
845 3161 940 3200 res
968 3140 1199 3200 domuit
1222 3151 1429 3219 gentes
1457 3151 1517 3199 et
1544 3160 1727 3220 regna
1756 3141 2012 3219 subegit.

413 3243 536 3311 205
582 3262 816 3303 summa
843 3241 1239 3320 regendarum
1268 3262 1409 3301 cura
1439 3251 1528 3301 est
1555 3239 1711 3300 mihi
1745 3240 1968 3302 credita
2000 3259 2232 3299 rertun:

578 3356 640 3403 at
666 3346 807 3425 quia
837 3344 1169 3403 subiectum
1194 3353 1464 3402 nostrum
1488 3352 1577 3402 est
1607 3340 1921 3421 disponere
1950 3341 2266 3418 mundum,

556 3431 687 3506 ⁸nos
713 3447 895 3504 etiam
919 3446 1088 3504 vobis
1115 3464 1283 3505 curas
1310 3447 1731 3504 committimus
1755 3446 1938 3504 orbis.

580 3548 960 3628 adloquimur
987 3545 1135 3605 fidos
1152 3589 1169 3622 ,
1214 3557 1274 3604 et
1298 3568 1404 3607 vos
1433 3546 1549 3606 hac
1578 3567 1724 3607 voce
1756 3565 2093 3607 monemus.

579 3650 647 3708 in
675 3652 884 3729 primis
912 3647 1058 3708 deus
1087 3660 1175 3708 est
1202 3634 1326 3709 tota
1353 3653 1568 3709 virtute
1597 3646 1904 3722 colendus,

411 3754 535 3829 2⁸10
577 3771 816 3831 semper
844 3750 1210 3828 adorandus,
1256 3772 1494 3831 semper
1518 3748 1876 3810 metuendus
1898 3745 2209 3822 amandus,

579 3858 780 3914 omnia
812 3855 916 3935 qui
939 3853 1083 3911 fecit
1111 3852 1349 3932 pulchri
1373 3854 1661 3913 miracula
1696 3849 1932 3911 mundi.

575 3977 685 4017 nos
711 3960 1038 4017 imitatores
1063 3956 1306 4016 factoris
1337 3968 1397 4015 et
1424 3957 1626 4016 omnia
1658 3952 1874 4027 dantis,

579 4060 641 4117 in
671 4070 961 4139 quantum
989 4069 1200 4122 notura
1232 4058 1422 4132 valet,
1468 4055 1880 4116 contendimus
1906 4069 2070 4126 esse3

579 4171 761 4239 utque
792 4160 939 4219 deus
967 4163 1186 4235 voluit,
1229 4161 1483 4239 propriis
1516 4168 1694 4238 caput
1721 4153 2282 4237 impero-membris.

413 4259 535 4323 215
578 4263 863 4320 iustitiam
893 4265 1130 4344 populis
1152 4262 1505 4342 generaliter
1531 4260 1806 4319 omnibus
1826 4278 2079 4339 aequam

584 4373 643 4421 et
672 4366 815 4425 iuris
846 4376 1075 4426 servate
1102 4365 1332 4426 modos·
1419 4361 1712 4442 disponite
1740 4361 1966 4442 plebes,
