3210 5200
921 424 1235 493 IUSTINI
1283 423 1644 491 MINORIS
1696 423 1854 489 Lm.
1901 422 2015 488 ΠΙ.

542 590 934 665 lastinianus,
979 610 1163 649 ovans
1193 601 1402 669 quarto
1434 610 1570 648 cum
1601 591 1841 648 consule
1870 591 2144 669 princeps

381 695 498 758 125
542 696 662 751 alta
691 692 1040 772 triumphali
1066 702 1281 749 tereret
1310 692 1608 769 Capitolia
1636 711 1877 770 pompa.

545 797 724 853 sacris
755 794 1122 873 principibus
1148 792 1439 852 iucundae
1466 793 1668 850 fabula
1693 813 1935 850 mensae

548 896 622 955 de
653 896 791 954 divo
818 900 1085 974 genitore
1112 894 1257 951 fuit:
1301 905 1432 952 tum
1462 913 1685 951 nomen
1711 892 2007 953 honorum

546 1001 700 1057 inter
728 998 969 1056 delicias
998 1007 1055 1055 et
1083 995 1278 1054 dulcia
1304 997 1516 1074 pocula
1548 996 1799 1053 summis

548 1079 822 1160 laudibus
856 1100 1160 1170 attollunt,
1204 1099 1529 1177 vivumque
1560 1116 1669 1175 per
1699 1116 1801 1155 ora
1827 1098 2106 1170 fatentur,

385 1205 507 1267 130
550 1207 635 1262 sic
666 1202 1033 1260 decessorem
1061 1202 1416 1277 regnantum
1450 1200 1652 1257 nullus
1688 1200 1929 1271 amavit,

549 1324 889 1385 quanquam
917 1312 1143 1381 sceptra
1170 1304 1355 1379 patris
1389 1311 1564 1359 natus
1595 1319 1898 1358 successor
1925 1298 2187 1362 haberet.

551 1419 686 1465 ante
719 1408 918 1465 oculos
944 1407 1130 1483 geniti
1158 1405 1391 1481 genitor
1418 1400 1795 1459 dulcissimus
1829 1405 1993 1460 omni

549 1520 815 1588 tempore
843 1527 1078 1587 semper
1105 1508 1241 1579 erit,
1287 1522 1641 1582 semperque
1667 1504 1731 1560 iu
1760 1503 1934 1561 corde
1961 1508 2245 1565 manebit.

632 1615 961 1691 Postquam
993 1608 1227 1666 divinae
1258 1625 1563 1684 sumpsere
1589 1606 1910 1664 novissima
1938 1626 2117 1665 cenae

387 1716 506 1782 135
547 1716 794 1794 pocula,
841 1722 900 1771 et
935 1711 1206 1770 excelsae
1237 1710 1528 1766 siluerunt
1557 1704 1774 1784 gaudia
1800 1727 2062 1783 mensae,

550 1791 878 1877 contulerat
908 1834 1061 1894 quae
1092 1814 1282 1890 prima
1313 1808 1467 1883 dies,
1513 1811 1771 1868 surrexit
1797 1809 1869 1864 ab
1899 1809 2019 1867 alto

547 1924 739 1980 laetus
766 1927 1012 1997 uterque
1043 1925 1171 1972 toro
1190 1958 1207 1987 ,
1249 1922 1591 1991 secretaque
1623 1920 1776 1968 tecta
1802 1912 2034 1988 petivit.

551 2022 658 2083 sed
685 2041 806 2079 non
830 2022 893 2077 in
918 2036 1131 2095 segnes
1158 2016 1462 2075 solverunt
1485 2023 1723 2091 pectora
1759 2032 2020 2071 somnos.

549 2125 864 2203 invigilant
891 2122 1104 2193 animi,
1150 2118 1364 2197 quibus
1394 2126 1484 2174 est
1510 2117 1610 2194 pia
1638 2133 1776 2171 cura
1805 2114 2046 2191 regendi

389 2231 511 2295 140
552 2240 638 2287 tot
665 2230 817 2284 latos
847 2223 1129 2303 populos,
1179 2218 1358 2277 duros
1388 2216 1678 2276 domitare
1704 2225 2009 2293 tyrannos,

555 2330 810 2390 consiliis
836 2329 924 2384 uti
943 2370 959 2400 ‚
1004 2342 1211 2381 causas
1247 2319 1559 2399 disponere
1588 2314 1823 2373 mundi.

552 2435 849 2504 maxima,
893 2448 999 2507 pro
1028 2442 1227 2483 rerum
1258 2441 1411 2501 quae
1445 2418 1786 2497 disposuere
1811 2419 2020 2489 salute,

554 2528 902 2594 admiranda
927 2530 1121 2606 magis
1148 2543 1328 2606 quam
1356 2518 1834 2580 connumeranda
1860 2521 2031 2577 fateri

552 2639 883 2698 humanum
909 2632 1079 2689 decet
1104 2630 1434 2705 ingenium.
1521 2624 1655 2703 quis
1684 2626 1942 2680 carmine
1973 2622 2151 2702 digno

394 2739 516 2807 145
556 2749 644 2798 tot
670 2737 1004 2794 divinarum
1034 2730 1323 2788 miracula
1351 2723 1616 2804 pandere
1648 2745 1842 2783 rerum

559 2836 848 2902 sufficiat?
937 2835 1152 2916 quibus
1177 2829 1327 2888 haec
1355 2829 1581 2901 verbis,
1627 2846 1742 2906 qua
1769 2825 1947 2888 laude
1974 2828 2262 2907 reponat?

558 2943 693 3003 diva
724 2943 990 3018 Augusta
1019 2938 1261 3007 favens,
1310 2942 1581 2991 sanctum
1612 2941 1672 2987 et
1695 2930 2031 2994 venerabile
2062 2953 2299 3008 nomen,

555 3043 888 3104 immortale
915 3042 1170 3111 bonum,
1212 3047 1449 3094 nostrae
1485 3034 1773 3111 sapientia
1807 3033 2070 3110 linguae,

558 3147 837 3226 auspiciis
870 3141 1019 3200 haec
1051 3159 1216 3199 sacra
1245 3141 1399 3196 tuis:
1444 3145 1547 3193 tua
1575 3146 1708 3192 vota
1737 3148 2047 3194 canentem

394 3249 516 3315 150
560 3251 784 3327 respice
803 3289 820 3320 ‚
866 3255 925 3302 et
956 3246 1146 3302 oranti
1179 3243 1438 3302 clemens
1468 3238 1679 3296 solatia
1709 3240 1947 3315 praebe.

642 3350 908 3428 Septima
939 3344 1299 3424 gaudentem
1322 3344 1433 3399 lux
1465 3358 1642 3397 aurea
1671 3338 1899 3402 videret
1930 3342 2156 3415 orbem,

562 3453 869 3530 expellens
901 3447 1134 3526 placido
1164 3445 1459 3503 brumalia
1487 3443 1711 3518 frigora
1741 3461 1942 3498 verno.

561 3556 758 3611 omnia
793 3551 885 3610 sol
912 3552 1107 3606 oriens
1141 3546 1322 3605 radiis
1350 3543 1700 3602 melioribus
1730 3543 1959 3612 afflans,

560 3655 881 3733 tranquillo
913 3650 1142 3730 gelidas
1168 3650 1526 3728 tepefecerat
1554 3648 1695 3722 igne
1727 3646 1991 3721 pruinas.

395 3755 516 3822 155
560 3754 899 3835 gaudebant
929 3757 1220 3812 elementa
1247 3751 1456 3823 simul,
1499 3748 1786 3825 mollique
1816 3746 2086 3803 calebant

559 3860 877 3938 temperie,
923 3859 1195 3936 votisque
1228 3856 1352 3912 suis
1382 3871 1536 3910 nova
1566 3853 1758 3908 Roma
1785 3847 2045 3904 favebat.

562 3972 762 4017 oruata
794 3970 882 4018 est
910 3961 1177 4037 Augusta
1208 3956 1418 4016 domus
1436 4000 1451 4030 ,
1495 3957 1780 4033 iussuque
1809 3951 2067 4027 regentis

564 4063 734 4117 acciti
761 4081 1031 4138 proceres
1060 4059 1298 4133 omnes',
1343 4055 1663 4136 scholaque
1693 4055 1876 4133 palati
1907 4061 1996 4108 est

563 4162 721 4219 iussa
750 4166 873 4221 suis
905 4162 1137 4222 adstare
1164 4164 1333 4220 locis.
1416 4163 1660 4238 iamque
1691 4154 1896 4214 ordine
1932 4163 2091 4211 certo

399 4264 522 4325 160
563 4264 733 4320 turba
757 4263 1117 4322 decanorum
1137 4309 1151 4338 ‚
1198 4282 1503 4322 cursorum
1519 4305 1536 4334 ,
1582 4265 1646 4318 in
1672 4260 1848 4317 rebus
1875 4267 2176 4334 agenttun,

566 4384 817 4445 cumque
851 4367 1132 4445 palatinis
1164 4378 1326 4425 stans
1359 4361 1613 4423 candida
1643 4363 1816 4420 turba
1848 4360 2121 4432 tribunis,

495 4470 690 4526 Merob.
735 4480 785 4527 et
830 4473 947 4525 Cor.
2089 4462 2164 4522 17

2415 418 2552 488 191
