3210 5200
989 424 1525 496 IOHANNIDOS
1576 431 1738 500 LIB.
1789 433 1908 501 IV.
2455 440 2551 512 73

525 590 749 670 impius
783 592 891 650 ille
914 590 1112 662 Sinon
1130 638 1146 668 ,
1195 605 1527 678 gentesque
1562 595 1856 680 dolosque
1887 601 2138 678 paravit.
2187 617 2190 620 ·

526 694 748 751 extulit
784 696 1097 774 ignivagos
1126 695 1344 774 gelidis
1368 709 1435 756 ut
1457 710 1725 759 maestus
1756 702 1838 758 ab
1864 700 2041 762 undis

398 794 481 859 25
521 792 806 853 Phoebus
833 815 1053 876 equos,
1096 809 1341 876 patuere
1370 798 1515 859 doli.
1603 812 1748 860 tunc
1773 803 1945 880 signa
1971 807 2212 884 tyranni

526 896 819 973 vidimus,
864 895 1017 972 heu,
1061 901 1266 958 miseri
1288 903 1509 961 nostris
1536 922 1842 962 occurrere
1872 907 2081 983 signis,

526 1010 587 1058 et
616 1002 758 1058 totis
795 996 1034 1057 rabidos
1067 1005 1294 1081 campis
1318 1005 1651 1066 fervescere
1675 1006 1937 1065 Mauros.

524 1121 634 1161 nos
659 1099 949 1181 pavidum
972 1122 1251 1172 revocare
1276 1104 1529 1185 pedem:
1572 1126 1721 1166 nam
1744 1109 1954 1167 sistere
1982 1120 2185 1170 contra

525 1207 661 1284 quis
688 1201 963 1283 poterat?
992 1247 1008 1264 .
1047 1209 1319 1287 sequitur
1341 1206 1590 1288 pavidos
1613 1229 1725 1288 per
1746 1220 1914 1288 prata
1945 1221 2208 1272 catervas

398 1311 483 1372 30
521 1307 767 1365 Antalas
794 1307 1138 1388 Stutiasque
1164 1309 1390 1370 furens.
1475 1314 1574 1370 via
1599 1311 1766 1369 nulla
1794 1312 2024 1386 salutis,

526 1421 586 1468 et
612 1409 831 1468 densus
861 1408 1126 1488 trepidos
1153 1431 1376 1490 urgens
1402 1412 1787 1472 circmnvolat
1811 1410 2022 1474 hostis.

523 1533 684 1571 mors
715 1523 842 1570 erat
871 1523 1009 1570 ante
1039 1514 1243 1572 oculos
1260 1558 1277 1588 ‚
1327 1524 1387 1572 et
1410 1534 1588 1594 opem
1616 1515 1741 1574 fors
1768 1512 1915 1576 dura
1940 1517 2218 1595 negabat.

526 1634 561 1673 o
596 1617 827 1672 utinam
854 1613 1058 1674 medio
1084 1618 1406 1674 iacuissent
1435 1617 1647 1675 funera
1676 1613 1920 1695 campo!

526 1715 783 1776 dedecus
806 1715 1124 1797 indignum
1148 1720 1367 1777 nostris
1392 1719 1600 1797 procul
1627 1728 1782 1778 esset
1809 1719 1884 1777 ab
1919 1720 2128 1796 armis.—

402 1817 485 1883 85
528 1831 756 1878 erectus
782 1817 1017 1877 medius
1040 1820 1205 1878 felici
1226 1823 1418 1879 Marte
1439 1819 1736 1881 Iohannes

523 1923 834 1981 occubuit:
878 1923 1066 1981 fastus
1102 1920 1331 1981 domini
1360 1943 1483 1982 non
1516 1923 1763 2002 pertulit
1786 1919 1999 1999 hostis,

524 2036 681 2084 sorte
703 2027 836 2104 pari
866 2045 1039 2084 enses
1061 2044 1175 2083 nec
1198 2027 1400 2084 timuit
1425 2027 1692 2103 captivus
1719 2022 1964 2085 heriles.

524 2145 666 2203 ergo
687 2146 798 2205 per
821 2139 1100 2187 extensos
1126 2128 1366 2206 fugiens
1392 2128 1770 2206 compellitur
1793 2146 1967 2204 agros

527 2247 758 2285 currere
782 2229 954 2298 fortis
984 2248 1194 2309 equus.
1281 2229 1485 2289 crebro
1509 2241 1683 2288 sonat
1708 2231 1935 2308 ungula
1961 2250 2164 2306 cornu,

398 2327 483 2393 40
524 2339 702 2410 atque
728 2330 872 2388 feris
894 2329 1148 2410 pavidos
1175 2343 1350 2411 urget
1379 2331 1454 2391 de
1484 2331 1790 2392 montibus
1817 2327 2042 2390 hostes.

525 2431 708 2489 ardua
741 2444 929 2490 castra
955 2436 1108 2512 gerit
1126 2451 1144 2492 2
1162 2485 1167 2490 .
1187 2435 1415 2512 campis
1442 2434 1636 2492 Cebar
1662 2430 1831 2491 addit
1859 2436 2101 2512 apertis.

523 2529 644 2590 huc
670 2534 1010 2594 miseranda
1039 2556 1253 2619 manus
1281 2536 1483 2595 frenos
1512 2532 1762 2594 deflexit
1794 2553 2106 2615 equorum.

524 2656 662 2694 cum
686 2640 893 2698 miseri
912 2650 1169 2700 -tenuere
1195 2640 1384 2697 Mileu
1415 2637 1660 2698 castella
1692 2639 1938 2713 tribuni,

526 2735 761 2797 dixerat
784 2753 848 2805 ⁵et
871 2741 1142 2818 medius3
1186 2762 1300 2800 nec
1327 2740 1503 2800 nobis
1534 2738 1813 2799 claudere
1845 2752 2049 2820 portas

394 2839 480 2905 45
522 2861 659 2899 cura
685 2841 820 2900 fuit.
905 2852 1168 2903 tutamus
1197 2862 1418 2925 equos,
1462 2861 1786 2924 pugnaque
1810 2842 2074 2923 pedestri

522 2946 850 3022 cingimur,
895 2955 961 3004 et
987 2948 1161 3005 tectis
1189 2948 1496 3006 venientes
1523 2947 1809 3025 pellimus
1838 2945 2065 3008 hostes.

523 3048 814 3105 irruerant
845 3049 1074 3125 gemini
1098 3049 1274 3116 turba
1306 3055 1556 3109 coeunte
1582 3050 1844 3129 tyranni,

521 3152 1033 3230 Languantanque
1060 3150 1272 3211 cohors
1311 3161 1369 3210 et
1398 3150 1600 3211 densis
1628 3150 1839 3210 Naffur
1865 3154 1931 3211 in
1966 3156 2167 3214 armis.

523 3262 663 3311 tunc
688 3253 941 3328 Stutias,
983 3272 1232 3311 saevum
1258 3254 1490 3332 fingens
1523 3273 1897 3332 compescere
1914 3256 2174 3333 bellum,

395 3354 483 3420 50
523 3358 587 3413 in
612 3353 844 3413 medias
872 3357 1029 3415 acies
1058 3358 1258 3416 stricto
1287 3357 1451 3415 volat
1476 3358 1690 3433 igneus
1717 3377 1880 3416 ense.

524 3454 803 3514 admonet
828 3468 953 3516 arte
978 3459 1139 3518 feros
1169 3462 1394 3538 campis
1423 3456 1708 3517 desistere
1737 3460 1999 3534 Mauros,

526 3568 585 3615 et
612 3555 846 3618 cohibet
877 3574 1144 3641 sumptas
1172 3559 1437 3621 infandis
1469 3560 1716 3619 vocibus
1744 3562 1885 3619 iras.

522 3659 845 3720 discessere
869 3664 1038 3723 locis.
1124 3666 1289 3724 stetit
1312 3663 1622 3741 improbus
1653 3679 1872 3739 aggere
1905 3659 2083 3735 celse,

521 3785 631 3822 ceu
654 3763 927 3844 placidus
947 3811 964 3841 ‚
1005 3766 1245 3826 blandis
1269 3766 1543 3824 nutantia
1569 3775 1812 3843 pectora
1840 3763 2037 3823 verbis

394 3864 481 3931 55
522 3867 839 3945 impellens
868 3866 947 3926 ad
974 3870 1172 3929 bella:
1220 3869 1404 3928 simul
1433 3867 1729 3947 promittit
1765 3875 1825 3925 et
1853 3875 2047 3944 urget,

522 3966 911 4051 hortaturque
938 3973 1099 4030 viros
1126 3974 1308 4031 variis
1340 3970 1420 4030 ad
1445 3972 1608 4029 bella
1636 3969 1863 4047 figuris.

520 4090 681 4130 nunc
709 4075 1029 4149 minitans,
1071 4072 1527 4132 nunc-blandus
1558 4071 1751 4131 adest.
1833 4081 2056 4129 terrore
2087 4069 2319 4129 subacti

338 4254 420 4307 23
455 4256 673 4323 putauit.
901 4257 973 4310 34
1015 4257 1213 4311 deletus
1258 4258 1309 4310 Τ
1532 4257 1601 4312 35
1638 4254 1895 4309 evectus?
2119 4255 2189 4309 36
2223 4253 2449 4308 occurrit
2493 4252 2558 4304 Μ

338 4327 421 4375 40
453 4326 675 4379 moribus
698 4327 749 4379 '1'
938 4327 1006 4380 43
1040 4328 1233 4379 miseris
1258 4335 1472 4382 tenuere
1494 4327 1636 4379 miles
1659 4326 1865 4378 castella
1887 4322 2105 4377 tribunis
2129 4325 2180 4375 ¹1·
2361 4324 2430 4376 44
2452 4321 2553 4375 dux

339 4400 465 4445 erat
488 4393 552 4447 Μ
744 4396 825 4449 46
856 4395 1004 4449 tectis
1028 4398 1102 4462 T,
1135 4396 1249 4450 telis
1270 4397 1332 4451 M
1534 4397 1604 4450 57
1640 4403 1696 4448 et
1720 4411 1894 4448 errore
1920 4397 1984 4454 '1'-
