3210 5200
865 411 957 480 IN
1004 407 1535 480 IOHANNIDOS
1583 411 1683 482 lv
1731 417 2035 488 NOTAE.
2390 424 2537 498 263

350 582 573 643 {ebt-ari
595 579 965 639 consuevisse
976 599 1004 651 ;
1028 611 1031 618 ·
1060 587 1122 637 et
1157 576 1359 638 subdit
1388 581 1805 658 prudentiores
1830 599 1982 645 certe
2004 590 2206 668 fixisse
2228 591 2533 654 Romauo-
2597 639 2612 658 t

354 688 486 728 rum
517 667 760 725 illorum
779 674 1088 743 posteros,
1138 666 1255 722 imo
1288 677 1342 722 et
1370 667 1627 745 reliquos
1649 671 1947 749 populos,
2001 678 2109 753 qui
2132 677 2533 754 periculosum

350 753 498 812 adeo
539 762 877 822 certamen,
934 747 1021 806 ab
1064 752 1203 807 unis
1240 749 1461 808 vilibus
1495 752 1943 830 gladiatoribus
1977 760 2121 818 olim
2149 777 2531 843 usurpatum,

350 850 539 896 totum
572 837 844 895 dimisere
881 833 1151 913 agilitati
1176 835 1619 915 dexteritatique
1642 841 2019 919 Hispanicae
2049 851 2249 924 gentis
2259 891 2284 919 ‚
2347 873 2531 930 quam

349 923 527 981 nulla
568 922 856 980 hactenus
893 939 1135 976 suorum
1160 917 1397 997 funera
1439 922 1518 979 ab
1561 923 1866 984 hiusmodi
1902 934 2238 1006 spectaculo
2274 949 2533 996 avertere

338 1018 683 1087 pomerum.
775 1003 1033 1063 eundem
1086 1006 1185 1062 vel
1242 1007 1368 1064 fere
1419 1010 1684 1069 similem
1723 1010 1934 1071 ludum
1979 1019 2241 1095 viguisse
2292 1037 2530 1103 quoque

348 1095 676 1152 Cremonae
713 1089 912 1148 adhuc
947 1091 1183 1148 saeculo
1221 1095 1296 1153 16
1332 1104 1534 1151 narrat
1561 1098 1705 1153 Ant.
1743 1099 2000 1178 Campus
2032 1103 2136 1159 lib.
2174 1110 2215 1169 2
2244 1102 2527 1166 historiae

344 1179 510 1236 illius
542 1178 704 1235 urbis
733 1175 811 1232 ad
834 1193 1055 1231 annum
1089 1175 1249 1238 1250
1277 1196 1341 1254 p.
1377 1177 1461 1242 44
1488 1177 1584 1237 ed.
1616 1185 1757 1239 anni
1792 1188 1972 1267 1575,
2016 1188 2120 1244 ubi
2138 1186 2287 1246 haec
2312 1192 2532 1270 legun-

348 1273 483 1321 tur:
536 1283 655 1319 non
693 1260 884 1318 taeerd
930 1258 1129 1338 quello
1160 1259 1271 1316 che
1298 1259 1631 1342 affer-mano
1664 1267 1913 1340 alcuni,
1979 1270 2023 1327 l'
2057 1294 2284 1333 mansa
2315 1276 2386 1334 di
2409 1280 2532 1356 sar

347 1367 542 1408 coner
578 1347 633 1402 il
672 1356 794 1402 toro
824 1345 971 1424 ogn'
1013 1364 1177 1403 anno
1221 1346 1324 1402 nel
1359 1350 1576 1426 giorno
1613 1351 1755 1409 dell’
1784 1355 2161 1416 Assunzzbne
2207 1361 2275 1418 di
2315 1364 2530 1422 Maria

358 1433 428 1493 V
414 1434 613 1511 ergine
632 1429 817 1488 hav-er
847 1431 1072 1489 havuto
1103 1432 1334 1510 origine
1354 1436 1421 1489 in
1444 1446 1644 1513 questo
1676 1447 1866 1516 tempo
1869 1483 1893 1510 ,
1925 1461 2042 1517 per
2061 1448 2350 1503 memoria.
2365 1448 2530 1506 della

344 1517 684 1595 sopradetta
713 1517 956 1574 νίαονία
987 1515 1204 1595 (quam
1230 1518 1661 1578 Cremonenses
1707 1525 2029 1584 retulerant
2072 1526 2146 1586 de
2186 1533 2530 1593 Parmensi-

343 1601 487 1677 bus)
506 1647 524 1676 ,
555 1622 672 1680 per
693 1621 846 1658 esser
873 1601 1056 1679 quell'
1082 1601 1348 1659 animale
1377 1606 1631 1684 insegna
1660 1606 1752 1664 de'
1784 1611 2195 1690 Parmegiani.
2245 1616 2278 1672 εὶ
2308 1618 2532 1677 clarata

347 1686 535 1765 quest’
566 1706 830 1756 usanza,
872 1705 907 1741 o
924 1682 1043 1763 pili
1067 1696 1214 1743 tosto
1238 1685 1424 1745 abu-so
1439 1732 1466 1760 ,
1509 1692 1638 1748 eino
1669 1692 1782 1749 all’
1809 1713 1970 1751 anno
2001 1698 2159 1762 1575
2177 1744 2193 1773 ‚
2253 1703 2356 1759 nel
2382 1706 2534 1783 qual

346 1791 510 1829 anno
549 1769 786 1827 essendo
825 1780 1040 1829 venato
1072 1773 1139 1827 in
1189 1772 1477 1830 Cremona
1520 1774 1698 1834 Car-lo
1744 1778 2064 1838 Bon-omeo
2112 1785 2434 1845 Candinale
2464 1789 2544 1847 di

353 1855 553 1913 Santa
582 1855 778 1912 chiesa
786 1897 812 1926 ,
867 1858 1237 1914 areivescovo
1262 1858 1330 1915 di
1352 1859 1596 1918 Mlano
1629 1883 1660 1919 e
1687 1865 1958 1922 m'sitator
1981 1866 2328 1944 Apostolico
2342 1917 2368 1943 ,
2412 1895 2530 1951 per·

327 1940 452 2020 sar
476 1940 541 1997 la
565 1939 739 1998 visita
765 1940 926 1997 della
952 1940 1152 2000 chiesa
1194 1943 1535 2004 &emonem
1545 1989 1570 2017 ,
1613 1947 1706 2026 stt
1721 1968 1839 2026 per
1865 1952 2167 2012 riverenza
2192 1955 2306 2032 (mi
2331 1960 2530 2040 credo)

344 2025 417 2083 di
443 2024 596 2083 tant’
622 2025 836 2082 huomo
866 2028 1209 2084 inter-messa
1236 2040 1292 2085 et
1320 2027 1576 2089 lass-iata
1605 2034 1708 2090 del
1731 2042 1898 2093 tutto.

511 2110 656 2174 577.
749 2113 1110 2190 comparatio
1146 2111 1459 2194 desumpta
1493 2128 1581 2176 est
1610 2120 1682 2176 ab
1712 2137 1936 2198 organo
1970 2125 2198 2183 musico
2234 2147 2528 2204 pneuma-

343 2195 485 2254 tico.
570 2193 937 2255 Claudianus
977 2197 1052 2254 de
1097 2200 1414 2258 consulatu
1448 2201 1636 2260 Male.
1698 2204 1916 2265 ἸῚιεοεί.
1952 2212 2201 2273 316-9
2237 2230 2528 2290 organum

342 2282 643 2339 musicum
671 2279 1092 2360 descripserat,
1137 2283 1245 2342 sed
1273 2282 1726 2366 hydraulicum:
1770 2287 1886 2349 hoc
1916 2304 2117 2352 autem
2149 2293 2222 2353 de
2255 2315 2374 2377 quo
2405 2302 2530 2378 egit

342 2369 525 2443 poeta
550 2376 781 2439 noster,
825 2377 948 2441 est,
991 2376 1060 2424 ut
1086 2380 1269 2446 patet,
1312 2378 1791 2450 pneumaticum3
1837 2381 2002 2437 cuius
2031 2382 2151 2436 iam
2176 2386 2532 2442 meminerat

345 2451 414 2510 S.
466 2452 835 2527 Augustinus
876 2454 942 2509 in
982 2452 1206 2511 Enarr.
1254 2457 1319 2513 in
1358 2460 1467 2516 Pe.
1518 2461 1600 2524 66
1649 2461 1745 2523 16.
1842 2464 1993 2542 Opp.
2040 2475 2084 2521 t.
2125 2464 2167 2528 4
2204 2465 2298 2524 ed.
2336 2470 2526 2528 Paris.

348 2537 509 2600 1681
545 2535 658 2591 001·
691 2532 919 2616 588g,
975 2549 1034 2595 et
1061 2540 1128 2596 in
1156 2542 1266 2598 Ps-
1310 2542 1431 2607 150
1459 2543 1500 2608 4
1534 2564 1596 2603 n.
1636 2550 1677 2611 7
1716 2549 1829 2607 col.
1884 2553 2046 2613 1697
2085 2571 2145 2608 α.
2194 2549 2313 2611 hoc
2351 2556 2535 2613 etiam

346 2638 641 2697 organum
683 2619 963 2680 describit
998 2626 1266 2684 lulianus
1306 2626 1554 2708 quidam
1594 2633 1661 2689 in
1700 2637 2128 2713 epigrammate
2168 2639 2393 2697 Graeco
2434 2632 2534 2697 in·-

346 2714 505 2765 serto
527 2707 592 2761 in
625 2705 1000 2785 Anthologia
1034 2715 1064 2773 1
1101 2710 1239 2785 164,
1285 2712 1566 2795 quodque
1591 2720 1799 2778 recitat
1826 2722 1922 2777 Du
1952 2723 2150 2800 Gange
2175 2724 2240 2780 in
2282 2724 2538 2782 Glossa-

345 2792 436 2847 rio
467 2789 696 2846 mediae
738 2802 798 2847 et
830 2792 1074 2866 infimae
1108 2796 1462 2857 Latinitatis
1504 2803 1686 2861 verbo
1721 2805 2057 2885 organum.
2151 2829 2287 2867 cum
2333 2821 2536 2868 autem

348 2874 425 2933 de
454 2876 675 2932 Iuliani
708 2886 899 2935 aetate
924 2898 1045 2937 non
1073 2892 1316 2956 constet,
1358 2897 1622 2963 praestat
1645 2886 1762 2947 huc
1792 2893 2010 2949 referre
2038 2892 2393 2970 Cassiodori‚
2426 2892 2534 2976 qui

344 2968 485 3018 ante
519 2961 843 3039 Cor-ippum
866 2965 1038 3038 vixit,
1083 2964 1355 3025 eiusdem
1382 2972 1765 3033 instrumenti
1788 2978 2002 3035 musici
2029 2979 2394 3037 luculentam
2421 2978 2532 3038 de-

346 3046 729 3124 scriptionem
748 3092 764 3121 ,
810 3066 990 3128 quam
1017 3051 1163 3108 fecit
1184 3054 1249 3110 in
1275 3054 1544 3133 Erposit.
1577 3060 1643 3116 in
1674 3063 1772 3119 cit.
1806 3065 1914 3121 Pe.
1950 3064 2069 3129 160
2096 3066 2247 3143 Opp.
2277 3075 2323 3123 t.
2359 3070 2401 3129 2
2426 3063 2540 3123 ed:

343 3122 658 3210 Rotomag.
698 3135 858 3197 1679
887 3154 950 3213 p.
984 3137 1103 3201 501
1140 3147 1201 3196 et
1232 3157 1360 3219 seq.
1452 3162 1775 3222 organum,
1815 3150 2043 3229 inquit,
2089 3161 2172 3206 est
2197 3152 2374 3229 quasi
2404 3161 2537 3207 tur-

345 3218 431 3271 ris
458 3217 754 3293 quaedam
779 3218 1028 3278 diversis
1039 3220 1278 3294 fistulis
1287 3224 1611 3303 fabricata
1624 3272 1651 3301 ,
1713 3232 1929 3310 quibus
1939 3235 2111 3310 flatu
2123 3234 2383 3313 fillium
2419 3254 2535 3293 vox

348 3302 747 3377 copiosissima
778 3303 1107 3362 destinatur
1118 3329 1147 3379 ;
1203 3318 1260 3364 et
1301 3321 1372 3366 ut
1409 3333 1540 3369 eam
1577 3315 1902 3375 modulatio
1944 3319 2155 3377 decora
2192 3332 2546 3399 componat,

347 3382 573 3461 linguis
614 3385 971 3465 quibusdam
1015 3391 1231 3470 ligneis
1281 3390 1361 3452 ab
1398 3398 1665 3455 interiori
1695 3412 1875 3478 parte
1917 3407 2315 3476 construitur,
2377 3427 2530 3486 quas

344 3468 864 3546 disciplinabiliter
887 3478 1310 3554 magistrorum
1334 3480 1517 3561 digiti
1529 3486 1910 3561 reprimentes
1932 3488 2366 3566 grandisonam
2389 3489 2528 3568 effi-

346 3555 519 3610 ciunt
543 3564 600 3609 et
621 3560 1040 3618 suavissimam
1063 3564 1446 3625 cantilenam.
1538 3565 1616 3626 de
1646 3568 1858 3628 eodem
1882 3574 2272 3631 instrumento
2298 3578 2525 3635 musico

345 3638 613 3719 loquitur
653 3641 818 3700 idem
864 3657 1066 3704 auctor
1113 3651 1297 3707 etiam
1326 3652 1478 3711 libro
1519 3658 1551 3716 1
1608 3654 1847 3715 Variar.
1887 3660 2060 3736 epist.
2096 3658 2178 3724 45
2213 3660 2363 3737 opp.
2400 3669 2447 3717 t.
2489 3666 2524 3726 1

343 3742 407 3801 p.
438 3728 552 3800 21,
614 3737 674 3785 et
717 3728 790 3786 de
829 3730 1059 3790 artibus
1096 3754 1148 3792 c.
1194 3735 1235 3799 5
1283 3735 1357 3793 de
1393 3741 1623 3797 musica
1655 3742 1805 3821 opp.
1840 3751 1886 3800 t.
1924 3748 1965 3806 2
1993 3762 2055 3821 p.
2096 3744 2222 3808 587
2248 3746 2346 3803 vel
2374 3743 2521 3810 679.

342 3804 486 3883 hinc
518 3813 704 3871 miror
727 3815 960 3874 nullam
984 3816 1183 3877 adhuc
1210 3824 1534 3899 specialem
1559 3830 1928 3887 mentionem
1951 3829 2173 3887 factam
2197 3826 2272 3887 de
2303 3849 2528 3910 organo

342 3901 721 3970 pneumatice
762 3902 828 3958 in
870 3902 1086 3963 lexicis
1111 3906 1354 3985 linguae
1382 3910 1652 3969 Latinae.

510 3982 655 4045 587.
740 3987 905 4066 Virg.
947 3988 1113 4049 Aen.
1163 3997 1237 4056 11
1277 3995 1434 4058 658:
1480 3999 1774 4077 pacisque
1818 3996 2004 4057 bonae
2050 3998 2302 4081 bellique
2342 4002 2529 4060 mini-

342 4067 498 4117 siras

513 4148 656 4211 588·
748 4153 909 4229 apud
937 4157 1152 4217 Matth.
1190 4162 1352 4219 enim
1386 4167 1455 4225 11
1490 4148 1573 4228 29
1615 4168 1699 4224 ait
1727 4166 2032 4228 Christus:
2091 4169 2298 4229 discite
2332 4192 2374 4226 a
2408 4190 2528 4239 me,

346 4229 496 4307 quia
545 4234 705 4290 mitis
754 4256 888 4295 sum
941 4254 996 4299 et
1033 4245 1279 4303 humilis
1319 4247 1527 4321 corde;
1598 4269 1782 4331 quam
1830 4259 2190 4314 sententiam
2233 4260 2528 4314 Iuvencus

346 4314 513 4370 Ηὶθΐ·
545 4316 786 4396 Εναπὲ·
819 4328 862 4386 2
887 4326 1009 4390 568
1034 4331 1118 4386 sic
1142 4329 1434 4390 reddidit:
1479 4350 1737 4415 namque
1762 4337 1981 4397 humili
1995 4341 2235 4399 dulcem
2261 4337 2526 4415 largibor

349 4398 519 4457 corde
554 4400 828 4463 saltitem.
921 4410 1029 4469 Ps.
1061 4417 1141 4478 83
1172 4419 1288 4481 19:
1332 4418 1585 4477 humiles
1624 4424 1840 4499 spiritu
1872 4424 2205 4505 (dominus)
2241 4420 2520 4482 salvabit.
