3210 5200
992 330 1525 401 IOHANNIDOS
1575 334 1732 401 LIB.
1781 338 1870 403 V.
2375 330 2520 410 12¹7

515 494 983 575 contin-bamque
1009 497 1227 555 vii-uin.
1310 498 1466 557 fixus
1493 498 1824 562 contex'itu'r
1849 495 2029 559 umbo

514 596 838 655 missilibus
868 596 1094 657 densis:
1148 601 1277 678 ipso
1305 602 1426 657 iam
1452 603 1717 677 tengne
1745 602 1947 660 subter

515 696 778 776 pondere
799 700 1054 756 telorum
1080 704 1400 778 premitur,
1443 702 1789 781 fessumque
1818 702 2029 780 fatigat

351 798 472 863 740
515 800 663 856 silva
691 800 888 876 gravis
906 843 923 873 ,
981 801 1266 881 turbaque
1297 806 1748 882 superveniente
1774 804 2027 864 laborat.

515 901 806 979 pnulnthn
834 899 1128 960 excedens
1154 905 1377 962 vicinas
1402 905 1590 962 litoris
1623 923 1755 963 oras

520 1011 645 1057 arte
670 1004 849 1079 petit,
911 1000 1304 1085 dextrumque
1335 1008 1491 1065 lutus
1520 1003 1904 1065 subvendicat
1933 1005 2110 1065 undis

520 1105 847 1187 aequoreis!
887 1104 1127 1187 laevum
1156 1090 1720 1184 grediensnmbone
1749 1115 1948 1164 tuetur

517 1212 820 1282 tergaque.
903 1217 1045 1264 tunc
1076 1209 1208 1267 telis
1239 1210 1453 1266 faciem
1482 1204 1749 1266 defendit
1776 1208 2027 1288 iterque.

352 1300 477 1369 745
518 1315 585 1361 ut
613 1307 706 1363 leo
731 1319 1054 1366 venantum
1078 1308 1309 1388 trepida
1328 1312 1584 1368 vallante
1616 1326 1829 1366 corona

518 1406 852 1485 impavidus
883 1411 1097 1468 virtute
1124 1412 1322 1469 fremit
1341 1453 1357 1484 ,
1402 1412 1669 1489 rictuque
1695 1388 2001 1466 tremendo

519 1528 825 1567 murmura
855 1512 1151 1569 convolvit
1169 1555 1185 1586 ,
1232 1530 1437 1569 saevas
1465 1509 1609 1568 dum
1637 1514 1889 1569 concitat
1911 1513 2060 1586 iras,

522 1622 714 1669 erecta
742 1613 954 1669 virtute
985 1613 1222 1686 furens3
1280 1632 1392 1670 nec
1416 1632 1645 1671 currere
1672 1622 1872 1670 contra

522 1724 611 1771 est
640 1715 872 1770 animus
897 1715 1156 1772 virtusve
1179 1715 1347 1788 viris,
1390 1711 1498 1771 sed
1525 1715 1766 1772 vocibus
1795 1711 2025 1772 hostem

353 1810 482 1876 750
522 1824 581 1871 et
601 1824 831 1871 tantum
856 1817 1085 1874 iniectis
1111 1825 1444 1896 pertentant
1465 1816 1701 1894 longius
1737 1813 1943 1873 hastis.

523 1933 644 1970 non
674 1934 842 1975 secus
868 1919 971 1974 ille
1001 1919 1201 1976 furens
1228 1919 1414 1976 turbis
1449 1937 1818 1998 compressus
1848 1917 2066 1993 abibat,

521 2017 694 2074 litora
722 2038 898 2076 curva
922 2032 1129 2079 tenens
1161 2021 1468 2099 clipeoque
1491 2018 1730 2079 hastilia
1758 2021 1972 2077 vitans.

605 2121 713 2177 Est
736 2120 898 2194 locus
923 2120 985 2177 in
1010 2121 1224 2180 mediis
1254 2122 1431 2200 longe
1458 2131 1809 2201 praeruptus
1834 2121 2028 2179 arenis

474 2270 497 2293 „
526 2220 783 2279 fluminis
809 2225 872 2277 in
896 2241 1156 2297 morem,
1199 2225 1399 2301 pelagi
1427 2242 1609 2302 quem
1636 2224 1904 2300 margine
1933 2223 2142 2282 fluctus

355 2320 484 2388 755
526 2322 724 2395 alluit,
769 2334 944 2404 atque
977 2323 1150 2382 undis
1178 2343 1349 2401 agros
1376 2323 1671 2382 concludit
1699 2325 1945 2396 amaris,

528 2421 870 2501 egrediens;
934 2426 1146 2506 quibus
1180 2426 1315 2502 alga
1348 2425 1495 2482 locis
1522 2426 1817 2504 limusque
1846 2423 2117 2483 relabens

528 2536 704 2607 atque
731 2527 915 2583 altmn
940 2529 1195 2584 tremulo
1228 2529 1411 2584 nutrit
1443 2526 1552 2585 sub
1585 2528 1817 2604 gurgite
1847 2543 2120 2583 coenum.

529 2626 647 2686 huc
678 2629 777 2685 ubi
813 2631 1111 2708 pervenit,
1157 2632 1358 2708 nigras
1394 2627 1843 2709 equushorruit
1872 2627 2037 2704 algas

530 2742 589 2788 et
610 2729 858 2809 pavidus
887 2741 1021 2809 post
1048 2741 1215 2810 terga
1242 2730 1414 2789 redit.
1499 2740 1641 2787 tunc
1669 2729 1910 2787 naribus
1937 2729 2148 2798 afflans

357 2837 486 2899 760
527 2834 717 2891 erexit
741 2834 1008 2910 geminas
1034 2832 1301 2913 (signum
1327 2829 1688 2909 formidinis)
1726 2850 1917 2905 aures,

534 2933 749 3014 datque
773 2935 927 2991 latus
946 2978 963 3008 ,
1008 2935 1311 3015 fumatque
1339 2936 1541 3008 ferox,
1582 2935 1902 3012 oculosque
1935 2941 2235 3013 retorquet

529 3038 917 3115 prospiciens,
961 3056 1070 3093 nec
1102 3035 1298 3095 dirum
1322 3036 1502 3094 nudet
1528 3046 1753 3094 tentare
1784 3034 2092 3112 periclum.

532 3139 759 3195 finierat
789 3140 1046 3216 spatitun
1078 3141 1349 3220 vitaeque
1379 3141 1630 3217 viaeque
1660 3154 1997 3214 repugnans

538 3239 690 3315 dux,
735 3238 884 3313 heu,
927 3244 1362 3318 magnanimus.
1443 3242 1711 3319 sequitur
1740 3236 2092 3295 clamoribus
2126 3234 2309 3298 hostis

360 3340 493 3408 765
535 3340 750 3399 densus
775 3360 957 3419 agens
984 3343 1343 3421 turbansque
1369 3344 1583 3399 virum.
1668 3349 1809 3397 tunc
1840 3340 1999 3396 calce
2027 3340 2323 3418 frequenti

534 3444 729 3522 pulsat
757 3463 979 3524 equum
1008 3447 1319 3523 geminans
1351 3453 1409 3500 et
1431 3461 1680 3520 magnos
1711 3441 1966 3498 concutit
1991 3459 2205 3500 armos·

538 3547 751 3603 extulit
778 3547 1072 3624 impulsus
1100 3548 1368 3625 sonipes,
1413 3564 1704 3625 cursuque
1732 3551 2011 3618 negatam

537 3658 722 3706 tentat
747 3646 909 3706 adire
935 3651 1113 3724 viam,
1156 3649 1580 3727 absorptusque
1611 3646 1888 3722 voragine
1919 3643 2127 3701 mersit

533 3750 661 3827 ipse
690 3748 933 3826 cadens,
980 3750 1404 3831 dominumque
1431 3770 1608 3828 super
1631 3747 1891 3825 gluttivit
1913 3742 2080 3801 hiatu

361 3854 494 3917 770
533 3861 686 3910 terra
713 3851 972 3912 nefanda
999 3854 1143 3930 fero,
1188 3856 1497 3935 rapuitque
1524 3872 1604 3909 ex
1625 3847 1798 3909 hoste
1825 3857 2127 3926 receptum

361 4098 475 4152 738
505 4099 660 4151 nubat
685 4101 734 4151 Τ
879 4101 983 4154 746
1015 4100 1216 4169 rituque
1243 4102 1292 4152 Τ
1431 4101 1534 4154 747
1569 4098 1812 4152 conuiluit
1838 4099 1915 4161 T,
1948 4094 2185 4149 conciliat
2206 4094 2266 4149 Μ
2407 4093 2535 4145 ibid.

359 4183 488 4219 scus
508 4166 622 4220 dum
645 4169 868 4222 concutit
896 4170 945 4219 Τ
1090 4172 1193 4224 750
1225 4170 1277 4222 ἰιι
1300 4169 1449 4223 tectis
1475 4171 1617 4240 apud
1639 4169 1702 4220 Μ
1832 4166 1935 4222 757
1967 4164 2178 4236 patret?
2313 4163 2413 4219 766
2442 4178 2538 4227 ge-

358 4235 528 4288 minos
552 4238 613 4289 Μ
809 4238 915 4291 770
948 4256 1015 4293 ex
1037 4240 1164 4293 ada.
1191 4239 1264 4291 Μ.

464 4330 658 4387 Merob.
702 4339 753 4387 et
795 4332 913 4386 Cor.
2051 4325 2129 4386 13
