3210 5200
923 362 1240 455 lusum
1288 363 1648 432 mmoms
1700 365 1859 431 Lm.
1906 366 1992 433 Π.
2408 367 2554 439 177

531 549 751 611 parvus
781 526 1000 603 homo,
1043 530 1331 587 immensi·
1352 530 1545 589 factus
1572 530 1811 590 factoris
1839 530 2090 609 imago?

411 634 495 698 30
536 652 612 689 en
641 651 785 709 ego,
829 650 1013 709 parva
1039 642 1340 689 creaturae
1370 652 1509 710 pars
1528 676 1545 707 ,
1595 630 1870 690 subditus
1903 630 2071 690 adsto

538 742 675 789 aute
703 733 908 789 oculos
928 776 944 805 ,
991 732 1227 797 excelse
1246 777 1263 807 ‚
1313 742 1471 792 tuos.
1553 733 1667 792 tibi
1702 735 1894 792 servio
1923 736 2039 792 soli

536 844 717 912 atque
745 852 952 890 meum
981 834 1264 892 submitto
1291 845 1503 913 caput,
1548 837 1645 892 cui
1674 836 1931 894 flectitur
1958 837 2063 893 uni

539 952 716 991 omne
743 948 936 1011 genu3
983 952 1164 1013 quem
1192 948 1401 995 cuncta
1430 948 1654 1016 pavent
1671 982 1687 1011 ,
1730 937 2028 994 elementa
2054 939 2424 1002 tremiscunt.

540 1053 814 1114 quaeque
838 1033 1043 1091 vident
1064 1032 1336 1097 homines
1364 1032 1600 1120 et‘quae
1627 1059 1750 1096 non
1771 1040 1929 1097 iusta
1957 1036 2164 1113 videri,

413 1132 497 1198 35
541 1145 676 1192 ante
705 1138 904 1194 oculos
931 1146 1069 1194 suut
1099 1140 1257 1197 clara
1284 1140 1449 1216 tuos,
1492 1142 1891 1214 famulantur,
1936 1138 2203 1218 adorant,

541 1247 602 1295 et
635 1235 881 1294 landant
911 1239 1152 1298 factoris
1177 1261 1349 1320 opus.
1434 1246 1487 1301 si
1514 1252 1747 1320 sceptra
1775 1253 1978 1299 tenere

539 1358 638 1395 me
670 1341 938 1397 Romana
967 1340 1139 1399 iubes
1167 1344 1507 1424 soliumque
1535 1340 1855 1402 ascendere
1884 1344 2091 1420 patris,

539 1442 592 1499 si
616 1442 723 1498 tibi
747 1443 1104 1520 complacuit
1128 1445 1383 1522 populos
1410 1441 1562 1502 mihi
1586 1441 1825 1502 credere
1847 1455 2063 1519 tantos,
2121 1501 2125 1505 <

539 1544 696 1601 velle
727 1554 900 1601 tuum
925 1544 1021 1600 fac
1046 1563 1223 1622 posse
1250 1565 1475 1603 meum.
1560 1556 1629 1605 tu
1652 1546 1896 1603 subiicis
1924 1544 2147 1624 hostes,

414 1641 499 1708 40
540 1646 691 1703 colla
720 1646 1113 1725 superborum
1139 1647 1474 1726 fut-iateque
1502 1658 1742 1725 pectora
1772 1648 2020 1727 frangis,

538 1756 603 1805 tu
632 1765 805 1825 reges
832 1751 1054 1806 servire
1078 1749 1246 1806 facis.
1333 1746 1409 1804 da
1436 1768 1614 1826 posse
1636 1750 1883 1824 volenti,

540 1859 607 1906 ut
634 1849 854 1906 faciam
877 1851 1169 1928 placitum
1196 1840 1376 1905 tibi.”
1458 1850 1736 1927 placuere
1761 1842 1997 1930 parenti

543 1952 763 2009 orantis
791 1954 892 2031 pia
918 1953 1099 2010 verba
1130 1952 1276 2026 viri,
1322 1953 1677 2032 genitusque
1701 1956 1967 2033 precanti

542 2053 783 2127 annuit,
828 2063 887 2110 et
917 2063 1154 2112 sanctus
1171 2045 1506 2130 “regnato''
1536 2056 1779 2133 spiritus
1812 2055 2033 2135 inquit.

340 2176 349 2183 ·
417 2150 499 2217 45
542 2173 664 2212 vox
688 2173 901 2212 arcana
932 2152 1030 2212 dei
1056 2157 1239 2233 gestis
1274 2156 1341 2212 fit
1370 2165 1511 2213 nota
1532 2158 1824 2234 peractis:

540 2274 661 2313 non
691 2255 932 2330 fierent,
975 2258 1091 2315 nisi
1117 2266 1321 2315 sancta
1356 2253 1453 2314 dei
1480 2276 1603 2314 vox
1636 2257 1742 2313 illa
1770 2256 2025 2314 iuberet.

627 2361 763 2437 Ipsa
793 2360 975 2416 etiam
1000 2358 1223 2418 summi
1247 2377 1484 2416 consors
1515 2358 1848 2416 castissima
1879 2360 2048 2435 regni

543 2462 788 2539 virginis
818 2470 876 2519 et
905 2460 1111 2518 matris
1138 2460 1430 2539 templum
1463 2460 1719 2516 sublime
1755 2460 1988 2536 petivit,

546 2565 711 2621 cuius
740 2560 1053 2621 adoratum
1078 2560 1266 2618 limen
1289 2561 1542 2619 feliciter
1565 2562 1796 2620 intrans

422 2667 506 2733 50
546 2676 682 2724 ente
709 2667 841 2745 pios
866 2665 1067 2722 vultus
1095 2665 1377 2741 expansis
1408 2661 1663 2721 candida
1690 2659 1910 2740 palmis

548 2768 805 2826 constitit
821 2810 838 2841 ,
884 2776 943 2824 et
963 2767 1167 2845 pronis
1191 2766 1451 2843 supplex
1474 2762 1627 2822 haec
1655 2763 1920 2821 vultibus
1946 2760 2098 2820 infit.

540 2863 746 2947 “virgo
781 2870 1057 2927 creatoris
1083 2869 1350 2946 genitrix
1375 2867 1748 2924 sanctissima
1777 2863 2009 2938 mundi,

545 2973 772 3030 excelsi
798 2974 1003 3050 regina
1031 2973 1187 3050 poli,
1237 2968 1575 3048 specialiter
1602 2986 1725 3025 una

543 3093 683 3132 vera
713 3092 928 3152 parens
959 3084 1019 3129 et
1048 3074 1215 3150 virgo
1240 3090 1523 3143 manens,
1566 3071 1698 3127 sine
1729 3069 1956 3126 semine
1983 3071 2169 3146 patris

422 3176 506 3244 65
547 3196 731 3258 quam
756 3173 903 3233 deus
927 3174 1109 3252 elegit
1134 3184 1386 3231 matrem
1413 3173 1548 3246 sibi,
1589 3167 1829 3228 credule
1856 3171 2109 3228 verbum

553 3280 894 3358 concipiens
923 3286 1188 3333 nostram
1213 3277 1469 3352 genuisti
1493 3275 1619 3332 feta
1649 3273 1927 3331 salutem.

551 3400 587 3438 o
619 3383 809 3459 pietas
832 3374 1106 3435 miranda
1133 3373 1230 3432 dei
1255 3372 1534 3454 dictuque
1565 3370 1908 3433 tremenda!

550 3483 850 3539 caelorum
875 3480 1065 3537 factor
1091 3475 1369 3536 dominus
1399 3475 1578 3551 deus,
1621 3478 1794 3534 unica
1830 3474 2016 3553 putris

549 3584 742 3641 forma
770 3581 898 3656 dei,
942 3599 1117 3638 verae
1145 3599 1275 3637 sese
1306 3578 1603 3636 velamine
1635 3578 1826 3635 carnis

421 3688 503 3750 60
543 3682 739 3742 induit
766 3693 827 3742 et
854 3683 1013 3742 servi
1039 3681 1298 3739 fonnem
1330 3679 1405 3737 de
1433 3681 1669 3759 virgine
1697 3675 1975 3753 sumpsit.

549 3805 699 3866 quos
726 3786 836 3843 tibi
850 3829 867 3861 ,
913 3803 1062 3865 quos
1091 3784 1295 3862 genito
1326 3780 1542 3860 dig-nos
1579 3782 1881 3840 solvemus
1915 3773 2169 3833 honores

548 3907 656 3966 pro
680 3890 893 3962 tantis,
936 3885 1281 3958 benedicta,
1323 3880 1543 3941 bonis?
1585 3892 1680 3957 te,
1726 3881 1915 3959 gloria
1947 3888 2225 3952 matrum,

548 3991 962 4069 auxiliumque
990 3988 1248 4067 imploro
1283 3996 1488 4042 tuum:
1533 3993 1594 4041 te
1626 4000 1863 4061 semper
1891 3978 2155 4054 adorem,

550 4102 610 4150 te
639 4089 1165 4151 fateardominam
1191 4088 1687 4167 servatricemque
1713 4099 2002 4141 novarum

380 4308 453 4362 34
487 4315 541 4362 et
561 4325 661 4362 non
683 4326 817 4380 quae
837 4307 978 4362 iussn
999 4308 1167 4365 codes.
