3210 5200
1144 407 1256 471 DE
1306 409 1714 477 muamus
1762 394 2093 481 msTnu.
2553 414 2698 482 325

534 573 815 652 Virgilius
843 570 997 632 ciri:
1027 591 1355 630 marmoreo
1382 576 1621 633 aeratus
1641 575 1891 634 atridem
1914 578 1980 634 in
2004 577 2206 634 limine
2228 578 2428 638 cardo.
2474 581 2696 637 Lucre-

534 659 650 716 tius
680 664 756 722 2:
802 677 1062 735 aeraque
1088 677 1244 735 quae
1272 658 1546 717 claustrie
1570 662 1853 717 restantia
1883 663 2303 739 vociferantur.
2347 665 2592 721 EAM-1¹.

700 747 803 806 91.
891 743 1076 820 visto]
1120 746 1417 801 somnium
1444 743 1594 802 illud
1625 744 1699 804 de
1727 764 1844 825 quo
1875 765 2070 825 supra.
2118 765 2266 806 mox
2286 765 2347 804 v.
2382 746 2501 811 114
2526 758 2694 806 vocat

530 837 780 884 ostensa.
871 829 1059 885 Rrr’r.

699 911 803 974 94.
889 914 985 989 ut]
1029 910 1333 988 legebatur
1369 923 1441 969 et.
1531 915 1716 972 Rrr'r.

701 996 804 1058 95.
889 997 1129 1053 luxuria
1169 998 1374 1054 insana
1411 997 1664 1056 bracteis
1699 1000 1891 1057 aureis
1934 997 2173 1058 aedium
2195 1001 2429 1081 fastigia
2462 1002 2694 1083 intege-

535 1081 654 1137 bat.
738 1084 1006 1159 Propert.
1040 1084 1079 1142 8
1117 1083 1185 1141 1:
1255 1080 1417 1157 quod
1456 1102 1575 1138 non
1636 1084 1941 1141 Taenariis
1982 1086 2190 1143 donum
2229 1099 2313 1143 eet
2347 1088 2498 1145 mihi
2518 1090 2695 1167 sulca

535 1163 824 1222 columnis
825 1207 848 1235 ,
898 1185 1005 1222 nec
1033 1183 1269 1221 camera
1298 1176 1546 1223 auratas
1576 1166 1729 1224 inter
1758 1167 1981 1226 eburna
2012 1169 2226 1227 trabea.
2316 1174 2550 1231 Petron.
2580 1177 2696 1232 Ar-

534 1249 686 1306 biter
741 1253 804 1305 in
864 1249 1067 1307 civili:
1152 1248 1476 1331 aedificarit
1525 1271 1674 1310 auro
1685 1293 1712 1323 ,
1779 1253 2054 1332 aedesque
2084 1256 2173 1313 ad
2198 1254 2393 1313 sidera
2430 1256 2687 1316 mittunt'.

529 1335 808 1392 Deursr.
2040 1396 2043 1403 ,

691 1422 793 1482 97.
877 1420 1045 1476 nulla
1077 1429 1202 1475 erat
1231 1415 1350 1476 huc
1373 1440 1563 1500 usque
1588 1439 1970 1479 numerorum
1996 1418 2267 1480 discretio
2289 1466 2306 1497 ,
2352 1435 2698 1502 argumento

526 1500 757 1583 liquido
780 1505 970 1562 multa
997 1502 1391 1562 intercidisse.
1475 1509 1756 1565 Dsurs‘r.

696 1590 796 1651 98.
883 1587 1014 1645 luce
1042 1610 1156 1646 aua
1187 1588 1471 1669 radians]
1515 1593 1821 1649 Manasses
1847 1589 1910 1645 in
1937 1590 2153 1647 Annal.
2225 1611 2409 1669 quam
2435 1593 2700 1669 eplendi-

529 1671 644 1729 duo
670 1693 744 1729 ac
767 1673 1125 1752 magmficus
1133 1674 1357 1753 suerit,
1398 1674 1619 1733 indicio
1650 1685 1736 1731 eet
1760 1694 1946 1732 aurea
1969 1674 2177 1731 domm
2201 1677 2266 1731 in
2291 1679 2485 1753 regia,
2538 1677 2702 1734 Gra-

531 1757 752 1814 liat-um
784 1758 1076 1838 elegantia
1089 1758 1391 1837 ficlgoris,
1435 1770 1490 1816 et
1519 1762 1684 1816 omni
1707 1780 1777 1816 ex
1795 1769 1976 1836 parte
2004 1761 2181 1837 quasi
2198 1760 2464 1817 radians.
2512 1763 2695 1819 Itur.

697 1841 779 1899 ib.
868 1854 1090 1921 aperto.
1158 1848 1245 1901 sic
1272 1848 1313 1905 2
1344 1842 1461 1907 84:
1498 1843 1729 1901 divalia
1760 1854 1913 1901 tecta
1939 1841 2196 1900 subibat.
2244 1846 2487 1902 interior
2512 1864 2700 1925 quae—

532 1925 670 1983 dam
698 1926 1098 1986 aedificiorum
1125 1948 1263 2006 pars
1293 1928 1618 1987 subdivalis
1649 1939 1807 1986 erat:
1866 1925 1972 1984 sed
2015 1947 2156 1984 cave
2200 1947 2335 1985 cum
2374 1933 2526 1986 atrio
2557 1950 2701 1988 oon-

527 2009 743 2071 fundas
776 2024 876 2070 aut
907 2033 1044 2071 oum
1072 2013 1388 2090 impluvio,
1443 2020 1578 2072 cum
1603 2017 1787 2073 Varro
1818 2011 1859 2074 4
1900 2009 1973 2081 de
2011 2013 2160 2090 ling.
2186 2014 2318 2070 Lat.
2355 2011 2695 2093 distinguat.

527 2094 680 2154 adde
704 2096 866 2176 quod
886 2101 1110 2156 atrium
1131 2099 1314 2169 (Gen.
1339 2102 1415 2159 16
1444 2102 1509 2171 5)
1539 2102 1734 2177 prima
1762 2097 1974 2154 domus
1999 2116 2153 2175 pars,
2188 2098 2544 2173 impluvium
2556 2119 2696 2157 vero

527 2191 629 2238 aut
653 2179 978 2241 subdivalis
1001 2183 1107 2240 ille
1130 2183 1298 2240 locus
1327 2185 1390 2238 in
1416 2182 1750 2241 meditullio
1776 2178 2035 2239 aedium.
2080 2183 2238 2237 clare
2253 2184 2437 2239 Maro.
2457 2185 2606 2240 Aen.
2625 2189 2696 2246 6:

524 2265 773 2323 aedibus
794 2269 860 2323 in
892 2266 1099 2323 mediis
1128 2266 1404 2345 nudoque
1427 2266 1537 2324 sub
1562 2268 1818 2324 aetheris
1838 2285 1949 2322 axe
1975 2268 2186 2342 ingen-5·
2209 2287 2319 2322 ara
2340 2268 2493 2345 ficit.
2582 2269 2699 2324 Fe-

527 2359 690 2406 stus:
757 2371 951 2428 gen-ue
991 2349 1254 2423 aedificii
1289 2361 1430 2408 ante
1463 2351 1666 2408 aedem
1703 2351 2004 2408 continens
2049 2351 2306 2407 mediam
2342 2372 2572 2421 aream,
2632 2354 2701 2409 iu

528 2454 714 2512 quam
765 2433 1013 2491 collecta
1068 2455 1137 2492 ex
1174 2436 1337 2492 omni
1374 2446 1518 2493 tecto
1552 2434 1776 2513 pluvia
1815 2434 2128 2491 descendit.
2219 2434 2382 2513 quod
2430 2437 2698 2513 intellige

527 2521 754 2576 ratione
776 2521 1145 2598 porticuum:
1174 2530 1294 2577 tres
1326 2522 1487 2577 enim
1511 2524 1770 2598 porticus
1799 2522 2164 2577 extrmsecus
2193 2523 2247 2576 ei
2279 2517 2697 2593 adhaerebant,

525 2606 680 2661 inter
721 2624 867 2684 quas
903 2607 1296 2683 impluvium,
1353 2605 1564 2664 Isidor.
1618 2606 1692 2668 15
1739 2609 1812 2679 3,
1871 2615 1936 2661 ut
1976 2608 2247 2663 omittam
2280 2608 2344 2662 in
2381 2609 2528 2663 atrio
2572 2607 2699 2664 fieri

524 2690 728 2766 ignem
755 2691 1018 2764 solitum,
1043 2687 1494 2767 undesumoeas
1520 2690 1813 2766 imagines
1837 2691 2255 2769 interpretatur
2278 2700 2432 2747 recte
2459 2693 2697 2748 Britan-

523 2777 694 2832 nicus
732 2773 839 2848 (ad
868 2785 979 2832 sat.
1010 2777 1049 2837 8
1079 2778 1315 2847 Iuven.)
1365 2773 1632 2833 sordidas
1670 2774 1872 2847 fumo,
1928 2777 2066 2850 igne
2105 2777 2169 2830 in
2215 2777 2362 2831 atrio
2409 2777 2695 2834 extincto.

525 2862 659 2937 quis
691 2870 893 2917 autem
921 2857 1074 2916 vidit
1101 2862 1303 2937 ignem
1328 2860 1438 2917 sub
1468 2858 1568 2917 dio
1600 2857 1864 2937 quotidie
1895 2859 2055 2933 fieri,
2098 2860 2215 2916 nisi
2243 2870 2307 2916 ut
2333 2861 2536 2917 leones
2573 2870 2696 2917 ter-

523 2942 804 3001 reantur?
892 2942 1040 3023 quid
1084 2941 1248 3024 quod
1279 2947 1342 3001 in
1389 2947 1536 3002 att-lo
1576 2946 1833 3022 expres-ei
1872 2965 2006 3001 cera
2036 2948 2329 3002 maiorum
2360 2945 2587 3014 miltun,
2630 2955 2698 3002 ut

519 3026 785 3108 loquitur
822 3030 1083 3101 Plinius,
1166 3048 1316 3108 quos
1353 3030 1525 3087 liberi
1575 3040 1635 3087 et
1672 3031 1861 3108 aperti
1907 3031 2053 3086 caeli
2103 3032 2355 3086 iniuriae
2395 3049 2695 3109 exponere

520 3133 703 3193 quam
732 3111 1104 3172 ridiculum!
1149 3116 1373 3173 Auson.
1402 3119 1467 3172 in
1496 3117 1778 3173 Mosella:
1841 3116 1868 3170 i
1898 3136 2087 3183 nunc,
2146 3125 2202 3170 et
2238 3114 2525 3191 Phrygis}
2567 3114 2698 3170 sola

521 3219 750 3256 consere
791 3198 990 3256 laevia
1032 3200 1269 3269 crustis,
1339 3200 1580 3256 tendens
1637 3219 2046 3261 marmoreum,
2072 3198 2353 3275 laqueata
2389 3218 2504 3273 per
2536 3200 2696 3254 atria

519 3303 819 3361 campum.
909 3285 1090 3361 Apul.
1115 3285 1360 3340 Metam.
1402 3284 1477 3344 5:
1533 3304 1770 3340 summa
1797 3283 2111 3362 laquearia
2139 3285 2283 3339 citro
2314 3293 2369 3338 et
2394 3282 2559 3340 ebore
2587 3303 2699 3339 cu—

517 3369 666 3424 riose
695 3377 911 3425 cavata
937 3367 1189 3425 subeunt
1229 3386 1446 3423 aureae
1489 3367 1818 3423 columnae.
1906 3349 2102 3446 neqife
2143 3365 2303 3424 dicas
2342 3370 2466 3425 alas
2511 3377 2694 3425 tectas

520 3471 627 3529 per
650 3452 926 3531 laqueata
951 3455 1097 3510 atria
1126 3451 1412 3529 intelligi:
1442 3470 1582 3507 nam
1609 3460 2023 3528 praeterquam
2051 3450 2209 3530 quod
2230 3452 2465 3507 nullum
2494 3450 2695 3507 adfer—

519 3545 617 3593 tur
645 3537 1009 3614 exemplum,
1060 3538 1264 3594 Cicero
1300 3545 1415 3594 stat
1440 3546 1673 3608 contra,
1721 3532 1793 3591 de
1825 3544 2097 3611 praetura
2131 3535 2383 3591 urbana:
2430 3535 2694 3591 concide-

517 3631 619 3678 rat
647 3621 958 3698 templum,
980 3621 1141 3678 videt
1167 3617 1432 3698 undique
1458 3630 1672 3677 tectum
1690 3618 2091 3697 pulcherrime
2116 3617 2481 3694 laqueatum.
2522 3621 2694 3696 plura

518 3705 834 3786 disquisivi
874 3704 952 3763 ad
987 3704 1140 3763 illud
1167 3705 1480 3764 Claudiani
1523 3708 1586 3762 in
1612 3705 1832 3762 Rufliu.
1872 3709 1946 3767 2:
1994 3704 2318 3779 purpureis
2349 3703 2559 3784 ‘ffi‘l‘a
2593 3725 2693 3760 co·

517 3791 741 3849 lamnis
770 3793 949 3848 atria.
1038 3790 1192 3849 adde
1223 3802 1280 3849 et
1314 3790 1463 3849 veliz
1496 3793 1620 3868 tegi
1654 3790 1828 3847 solita
1864 3789 2010 3844 atria
2040 3790 2103 3844 in
2132 3788 2377 3845 laetitia.
2460 3789 2617 3845 infra
2651 3792 2690 3850 3

516 3878 661 3939 206.
707 3923 710 3926 ,
743 3877 1024 3934 Dumar.
1567 3899 1570 3902 ·

684 3958 767 4018 ib.
855 3959 1143 4020 mendum
1171 3970 1466 4040 superest,
1512 3958 1674 4040 quod
1701 3980 1821 4018 non
1848 3956 2327 4018 animadversum
2355 3958 2560 4015 mirari
2584 3975 2689 4012 ve·-

517 4041 616 4100 lis.
702 4045 877 4102 unica
926 4047 1188 4105 litterula
1237 4055 1464 4103 mutata
1499 4048 1678 4123 legas„
1713 4056 1783 4102 ut
1822 4056 2023 4123 aperto
2067 4045 2254 4101 libera
2295 4044 2477 4100 caelo.
2565 4058 2689 4095 nou

519 4128 717 4185 minus
744 4130 825 4185 ait
852 4129 985 4196 luce
1015 4131 1248 4189 metalli
1286 4128 1512 4188 ra‘diare
1543 4150 1726 4210 quam
1757 4131 1807 4188 si
1841 4131 2072 4207 fulgore
2103 4131 2245 4189 solis
2276 4130 2685 4186 illustraretur.

521 4211 607 4266 sio
635 4212 933 4270 aemulam
957 4217 1197 4273 caelesti
1226 4216 1424 4274 lucem
1445 4216 1676 4272 metalli
1700 4213 1841 4272 dicit
1867 4214 2246 4288 Claudianus,
2290 4216 2393 4293 qui
2421 4205 2687 4266 omnium
2734 4217 2738 4222 ’

521 4294 732 4353 talium
758 4303 1069 4374 poetarum
1090 4303 1256 4358 Maro
1286 4310 1392 4375 est,
1424 4298 1499 4357 de
1526 4303 1734 4372 Roma,
1780 4304 1820 4360 2
1848 4297 2366 4358 Stilichoniarum:
2403 4295 2534 4351 luce
2559 4311 2680 4347 me-

521 4379 662 4437 talli
692 4381 933 4439 aemula
978 4385 1190 4440 vicini-s·
1227 4384 1496 4464 fastigia
1533 4385 1781 4441 conserit
1814 4388 2010 4443 astru.
2098 4384 2285 4462 possit
2320 4390 2521 4436 tamen
2564 4379 2681 4435 alia
