3210 5200
883 1195 1305 1272 PETRI
1404 1195 2569 1303 MAZZUCCHELLII

1199 1377 1309 1439 An
1368 1357 1933 1442 CLARISSIMUM
1983 1358 2269 1443 VIRUM

636 1531 1251 1623 IOHANNEM
1365 1533 1915 1623 IACOBUM
2023 1538 2826 1628 MARCHIONEM

1355 1668 2107 1756 TRIVULTIUM

992 1856 1137 1928 DE
1220 1853 1713 1931 CORIPPI
1788 1856 2460 1933 IOHANNIDE

1220 2034 1269 2099 P
1334 2036 1395 2100 R
1459 2038 1512 2101 A
1576 2036 1629 2099 E
1691 2038 1742 2101 F
1808 2037 1860 2100 A
1922 2037 1978 2100 T
2040 2035 2072 2099 I
2138 2035 2220 2099 O.

627 2407 949 2513 Tandem
975 2452 1040 2508 in
1065 2461 1447 2529 conspectum
1476 2454 1710 2530 Tuum,
1738 2455 2097 2512 -Clarissime
2121 2453 2255 2526 Vir,
2303 2453 2591 2531 corippus
2621 2451 2814 2525 TuuS,

626 2550 858 2611 tamdiu
903 2555 1007 2612 abs
1044 2556 1137 2613 Te
1182 2566 1593 2635 exspectatus,
1655 2560 1839 2616 venit.
1885 2577 2075 2637 usque
2118 2556 2191 2614 ab
2235 2575 2390 2614 anno
2427 2558 2587 2614 enim
2631 2556 2813 2630 1814,

625 2676 763 2712 cum
810 2657 954 2714 Tibi
996 2655 1356 2716 indicassem
1403 2657 1566 2717 domi
1609 2662 1779 2718 Tuae
1818 2661 1883 2716 in
1928 2664 2136 2717 Museo
2185 2660 2569 2717 refertissimo
2615 2677 2816 2715 rerum

619 2760 1183 2835 pretiosissimarum
1225 2762 1410 2816 latere
1451 2767 1668 2836 poema
1718 2760 1873 2816 illud
1918 2761 1991 2815 de
2033 2760 2203 2815 bellis
2241 2758 2487 2833 Libye-zze
2502 2799 2524 2825 ,
2583 2755 2814 2815 iamdiu

622 2856 1023 2916 desideratum
1059 2879 1093 2916 a
1131 2860 1403 2916 litteratis
1448 2862 1590 2917 viris
1611 2904 1626 2932 ‚
1688 2862 1892 2915 statim
1930 2858 2272 2933 significasti
2305 2859 2539 2935 placere
2570 2861 2712 2917 Tibi
2743 2870 2812 2916 ut

620 2979 731 3037 ego
764 2958 917 3017 illud
948 2979 1131 3039 quam
1162 2962 1425 3038 primum
1452 2961 1677 3038 publici
1701 2962 1845 3017 iuris
1873 2959 2151 3016 facerem.
2196 2970 2340 3016 tunc
2369 2960 2623 3017 libenter
2649 2957 2809 3019 huuc

615 3063 885 3120 laborem
926 3064 1193 3139 suscepi,
1262 3081 1341 3118 ne
1392 3060 1590 3119 dicam
1629 3064 1828 3141 potius
1873 3071 2097 3119 temere
2141 3071 2318 3140 atque
2363 3059 2807 3139 imprudenter:

620 3166 812 3242 primo
856 3184 1115 3243 namque
1163 3175 1482 3242 conspectu
1521 3164 1740 3223 codicis
1789 3185 1912 3223 non
1947 3161 2339 3221 animadverti
2383 3161 2642 3221 eundem
2677 3185 2807 3222 esse

618 3265 1015 3348 undequaque
1055 3277 1112 3324 et
1137 3286 1415 3324 mancum
1447 3278 1506 3326 et
1534 3287 1568 3324 a
1599 3287 1784 3324 manu
1806 3267 2251 3345 imperitissima
2284 3262 2674 3344 descriptmn‚
2718 3268 2807 3323 ita

623 3378 689 3425 ut
723 3389 900 3447 opera
938 3367 1231 3446 indigeret
1272 3367 1512 3428 editoris
1556 3373 1753 3449 magis
1797 3373 1993 3451 periti.
2079 3372 2149 3426 In
2182 3389 2250 3427 eo
2284 3366 2673 3426 exscribendo
2700 3386 2805 3424 so-

619 3470 931 3530 lmmnodo
962 3476 1213 3549 cognovi
1237 3492 1358 3531 non
1395 3493 1523 3530 esse
1552 3495 1701 3531 onus
1726 3485 1932 3552 aptum
1959 3471 2226 3529 humeris
2261 3472 2443 3529 meis:
2501 3468 2607 3528 sed
2632 3469 2806 3527 nefas

620 3569 769 3628 duxi
804 3593 926 3630 non
963 3593 1170 3652 parere
1215 3574 1392 3650 Tibi,
1455 3578 1550 3633 cui
1592 3587 1829 3634 tantum
1863 3575 2070 3633 debeo,
2158 3593 2398 3652 possem
2431 3583 2557 3630 tam
2585 3574 2807 3651 longae

617 3693 818 3730 morae
867 3694 1070 3732 causas
1111 3677 1312 3754 plures
1354 3680 1419 3734 in
1449 3677 1720 3736 medium
1745 3677 1953 3737 afferre
1976 3723 1992 3752 ,
2050 3680 2205 3734 inter
2232 3697 2380 3755 quas
2414 3695 2536 3732 non
2565 3685 2804 3753 postre-

615 3796 785 3833 mum
829 3786 992 3834 tenet
1027 3777 1227 3836 locum
1270 3781 1471 3839 minus
1520 3779 1833 3839 commoda
1871 3778 2181 3851 valetudo,
2249 3797 2366 3856 qua
2414 3796 2590 3854 saepe
2631 3787 2804 3834 utor:

613 3875 721 3936 sed
751 3898 886 3936 cum
911 3880 1054 3937 Tibi
1082 3877 1328 3938 eaedem
1363 3884 1481 3939 sint
1506 3884 1686 3960 plane
1723 3893 2095 3961 perspectae,
2141 3882 2325 3937 satius
2354 3880 2464 3936 erit
2498 3898 2596 3935 eas
2620 3897 2798 3956 prae—

608 3983 816 4055 terire,
877 3984 1057 4040 etiam
1093 4003 1171 4039 ne
1212 3985 1344 4040 aliis
1385 3981 1591 4042 videar
1621 3989 1817 4064 potius
1859 3982 2199 4042 tarditatem
2230 3983 2458 4058 ingenii
2486 3983 2608 4037 mei
2641 3980 2798 4037 velle

610 4084 697 4140 sio
726 4084 1023 4163 obtegere.
1124 4097 1301 4165 atque
1333 4088 1494 4144 illico
1534 4090 1862 4145 orationem
1900 4094 2240 4143 convertam
2283 4081 2361 4138 acl
2406 4103 2475 4141 ea
2517 4083 2797 4142 brevibus

607 4205 908 4267 quamque
948 4188 1293 4266 planissime
1339 4197 1547 4265 potero
1592 4187 1981 4265 explicanda,
2043 4205 2195 4265 quae
2240 4187 2332 4243 Te
2373 4188 2532 4244 sensi
2581 4207 2798 4266 cupere

608 4277 872 4364 edoceri,
934 4301 1205 4369 quaeque
1243 4287 1402 4345 tradi
1441 4289 1553 4347 sibi
1593 4294 1779 4348 lector
1809 4293 1935 4346 iure
1972 4286 2415 4368 quodammodo
2446 4291 2708 4368 postulat
2731 4291 2797 4345 iu

606 4387 771 4448 aditu
815 4392 944 4468 ipso
985 4391 1181 4469 operis
1212 4391 1556 4465 cuiuslibet,
1621 4388 1783 4471 quod
1821 4392 2010 4469 primo
2053 4410 2130 4448 ex
2161 4394 2408 4450 vetustis
2445 4394 2701 4450 tenebris
2732 4393 2794 4447 in
