3210 5200
954 410 1069 477 DE
1112 387 1526 480 muninus
1574 412 1910 483 msrml.
2365 418 2512 491 399

355 586 699 657 sequautur,
737 576 851 635 hoe
877 577 1147 654 primum
1185 587 1384 636 tamen
1422 598 1590 637 omen
1636 588 1782 637 erat.
1826 581 2072 638 BAnrn.
2157 578 2317 660 apud
2358 585 2511 645 Rui-

352 665 513 722 2ium
562 663 725 721 enim
781 661 1097 742 (quamvis
1130 662 1375 721 meliora
1408 674 1734 742 sequantur
1746 660 1797 744 ).
1899 665 2111 744 prius]
2166 665 2303 744 lege
2339 671 2503 746 pitu.

351 750 590 808 Voncx.
1126 791 1137 800 .

519 832 662 894 406.
751 848 985 887 carmen
1011 825 1122 886 hoc
1150 831 1230 886 ita
1258 840 1585 889 correctum
1611 849 1644 888 a
1670 831 1839 889 nobis
1873 841 1989 906 est,
2035 852 2171 890 cum
2197 833 2264 892 in
2293 854 2509 895 manu-

351 917 569 994 scripto
594 925 860 992 corrupte
890 911 1210 972 admodum
1233 915 1555 992 legeretur:
1600 914 1922 993 Augus-tm
1959 937 2268 996 nunquam
2301 922 2513 979 cecinit

337 1001 564 1080 secisse
579 1001 799 1076 priore.
888 1001 1071 1056 Rmz.

520 1082 600 1141 ib.
690 1083 1064 1141 casaubonus
1093 1080 1171 1140 ad
1192 1082 1541 1142 Suetonium
1560 1086 1722 1162 Aug.
1757 1104 1808 1142 c.
1834 1087 1915 1148 32
1938 1085 2161 1143 notavit
2188 1083 2350 1144 hunc
2373 1106 2511 1146 ver-

353 1187 488 1228 sum
527 1168 911 1227 falsissimum
947 1186 1074 1224 esse
1106 1169 1222 1224 nisi
1253 1167 1491 1225 mollius
1519 1168 1824 1226 commoda
1853 1169 2324 1247 interpretatione
2352 1173 2510 1230 acci-

351 1254 580 1330 piatur3
624 1250 786 1332 quod
824 1249 1066 1330 quidem
1108 1261 1332 1309 constat
1373 1273 1450 1310 ex
1477 1253 1757 1311 Suetonio
1786 1255 1899 1311 loc.
1929 1256 2024 1315 cit.
2044 1297 2062 1329 ,
2108 1273 2187 1312 ex
2208 1256 2401 1313 Dione
2429 1257 2512 1321 58

350 1355 415 1415 p.
439 1334 589 1409 497,
644 1355 722 1394 ex
756 1335 987 1414 legibus
1027 1332 1357 1394 Theodosii
1386 1337 1784 1396 Valentiniani
1813 1336 2050 1396 Arcadii
2080 1348 2137 1396 et
2165 1340 2412 1397 Honorii
2441 1338 2511 1416 in

351 1418 482 1480 cod.
508 1418 811 1479 Theodos.
841 1421 1073 1494 relatis,
1118 1440 1199 1478 ex
1225 1420 1534 1498 Spar-tiano
1563 1424 1629 1480 in
1655 1420 1956 1482 Hadriano
1974 1468 1990 1498 ,
2041 1442 2122 1481 ex
2152 1425 2402 1501 Vopisco
2432 1420 2510 1484 de

347 1506 668 1564 Aureliano
688 1546 705 1578 ,
757 1515 815 1562 et
859 1523 938 1562 ex
979 1503 1235 1563 secundo
1277 1508 1526 1564 Ausonii
1565 1508 1858 1585 Panegyr.
1891 1505 1970 1565 ad
2008 1509 2370 1571 Gratianum.
2453 1508 2507 1566 si

350 1608 489 1647 vero
533 1590 975 1647 Constantinum
1011 1591 1348 1648 Manassem
1386 1589 1591 1650 audias
1607 1635 1624 1667 ,
1669 1593 1961 1670 suggessit
1990 1589 2146 1649 hanc
2173 1594 2400 1651 Iustino
2422 1591 2505 1651 li-

347 1672 717 1732 beralitatem
745 1692 899 1731 uxor
927 1671 1171 1753 Sophia.
1256 1676 1454 1733 Focc.
1486 1681 1492 1687 '

516 1756 660 1819 409.
741 1757 1003 1817 imitatus
1052 1768 1141 1816 est
1180 1749 1486 1816 Claudian.
1527 1756 1600 1816 de
1642 1761 1680 1821 8
1716 1761 1871 1817 Hon.
1913 1759 2251 1817 consulatu:
2294 1759 2508 1838 quanti

351 1850 481 1898 tum
509 1843 770 1912 iuvenes,
812 1852 1067 1920 quantae
1092 1862 1355 1920 sprevere
1362 1843 1682 1920 pudorem,
1707 1843 2015 1919 spectandi
2042 1843 2233 1901 studio
2262 1853 2497 1901 matres.

349 1927 626 1985 nzmsr.
709 1945 927 2004 gnome
962 1928 1233 2005 elegans,
1278 1928 1489 1986 similis
1526 1927 1654 1984 illi:
1701 1937 1954 1984 extrem
1975 1926 2253 2005 pericula
2281 1947 2507 2005 semper

348 2009 501 2069 dant
528 2012 761 2069 νεηίαηι
787 2011 1017 2089 culpae.
1104 2013 1350 2069 EAM-11.

508 2092 589 2152 ib.
676 2097 862 2154 nescit
897 2115 1128 2154 servare
1155 2096 1480 2173 pudorem]
1530 2095 1617 2153 sic
1659 2103 1717 2152 et
1756 2094 1977 2151 nimiae
2005 2093 2265 2152 laetitiae
2285 2095 2507 2155 decoris

346 2188 488 2236 sunt
524 2190 579 2236 et
611 2181 931 2256 gravitatis
967 2181 1351 2250 immemores,
1391 2189 1458 2236 ut
1503 2180 1583 2236 ait
1624 2178 2009 2236 Mamertinus
2049 2179 2412 2258 Panegyrico
2439 2181 2505 2238 in

345 2264 645 2324 Iulianum
670 2265 751 2325 29
782 2282 844 2319 n.
868 2266 931 2324 2.
1014 2264 1201 2320 Rrrr.

514 2344 661 2409 410.
743 2345 1012 2423 affictas
1064 2364 1158 2403 res
1202 2345 1487 2418 miserae,
1547 2341 1857 2418 adversae,
1914 2354 1982 2402 ut
2028 2363 2205 2424 supra
2249 2364 2309 2403 v.
2354 2349 2499 2410 377.

350 2429 729 2507 Calpurnius:
785 2428 1085 2508 legemque
1115 2431 1377 2507 priorem
1411 2426 1637 2500 reddet,
1694 2440 1752 2485 et
1780 2428 2084 2507 afflictum
2118 2427 2322 2487 melior
2355 2429 2500 2489 deuo

345 2514 580 2593 auferet
597 2533 829 2586 aevum.
916 2516 1161 2572 Bana-n.

514 2596 658 2662 418.
744 2619 891 2658 cara
917 2617 1155 2674 nomen,
1199 2617 1317 2678 quo
1344 2617 1486 2657 usus
1514 2594 1630 2655 hoc
1657 2596 1775 2656 loci
1799 2595 2084 2677 corippus
2111 2607 2218 2673 est,
2262 2616 2500 2679 quoque

348 2702 459 2742 nos
485 2683 754 2761 Hispani,
795 2693 862 2742 ut
886 2691 945 2740 et
965 2684 1100 2740 Itali
1126 2693 1185 2740 et
1210 2683 1386 2757 Galli,
1430 2700 1634 2740 omnes
1654 2682 1995 2760 vulgaribus
2016 2684 2230 2742 nostris
2255 2684 2497 2761 linguis,

348 2787 457 2846 pro
484 2768 943 2847 uniuscuiusque
967 2765 1247 2824 idiomate
1270 2785 1392 2825 non
1416 2784 1535 2824 uno
1559 2763 1738 2824 modo
1754 2807 1771 2839 ,
1808 2763 1989 2825 hodie
2012 2768 2235 2826 utimur
2251 2812 2268 2842 ,
2313 2769 2502 2826 Grae-

350 2869 487 2910 cum
513 2853 721 2950 procul
750 2850 927 2910 dubio
957 2859 1078 2924 est,
1123 2846 1278 2931 κᾶρη
1311 2850 1535 2910 scilicet
1563 2849 1876 2924 Aeolibus,
1918 2844 2075 2929 κόρα
2101 2862 2299 2909 autem
2319 2851 2498 2910 Dori-

347 2936 480 2995 bus.
565 2934 728 3017 quod
753 2938 862 2994 etsi
887 2937 1119 3014 proprie
1147 2936 1385 2993 Graecis
1406 2944 1589 3010 caput
1611 2934 1915 3012 significet,
1959 2935 2271 3015 aliquoties
2300 2946 2499 2995 autem

346 3040 454 3099 pro
513 3029 638 3079 tota
697 3022 828 3098 ipsa
874 3019 1027 3077 facie
1076 3019 1370 3098 plenoque
1427 3020 1543 3077 oris
1585 3019 1755 3077 vultu
1796 3030 2142 3098 usurpatum
2177 3022 2496 3095 invenitur,

347 3103 852 3185 quemadmodum
877 3102 949 3161 ab
980 3104 1058 3159 H.
1088 3101 1386 3180 Stephano
1416 3101 1577 3181 apud
1599 3102 1950 3181 Euripidem
1981 3113 2070 3162 est
2103 3103 2499 3162 observatum.

349 3208 543 3268 neque
574 3208 715 3249 vero
753 3206 972 3247 nomen
1001 3184 1116 3245 hoc
1144 3187 1219 3245 ab
1253 3188 1371 3245 alio
1387 3229 1403 3259 ,
1449 3188 1552 3266 qui
1582 3189 1792 3245 Latine
1824 3186 2151 3267 scripserit,
2197 3206 2376 3268 quam
2396 3185 2499 3251 hic

352 3290 391 3330 a
435 3273 719 3353 Corippo,
796 3272 1185 3350 graecissante
1219 3272 1534 3344 nimirum,
1590 3271 1673 3327 ita
1716 3268 1940 3330 dictum
1977 3271 2235 3331 invenio.
2315 3273 2504 3336 Rmz.

351 3374 483 3415 mos
539 3359 883 3416 Latinorum
926 3357 1276 3435 scriptorum
1321 3352 1605 3412 dictiones
1657 3371 1896 3430 graecas
1947 3356 2011 3412 in
2060 3374 2235 3414 suum
2277 3353 2503 3415 idioma
2573 3374 2582 3381 ·

354 3440 668 3499 transferre
694 3441 1039 3521 Latinisque
1081 3438 1387 3498 elementis
1427 3436 1699 3497 scribere.
1785 3456 1865 3494 ex
1889 3439 2085 3496 Plinio
2110 3446 2275 3497 notat
2297 3440 2504 3497 Mure-

353 3532 450 3583 tus
478 3523 761 3602 probata,
804 3533 863 3582 et
910 3543 990 3582 ex
1033 3523 1311 3583 Cicerone
1351 3531 1410 3579 et
1445 3520 1689 3599 Virgilio
1723 3530 1890 3592 acta,
1934 3522 1968 3582 1
2012 3524 2075 3583 3.
2146 3540 2226 3578 ex
2249 3517 2365 3580 hoc
2391 3540 2501 3600 ge-

352 3627 495 3667 nere
524 3618 614 3667 est
637 3628 801 3667 cara.-
845 3627 987 3666 nam
1010 3604 1164 3690 κόρα
1191 3605 1350 3688 apud
1369 3608 1555 3664 Dores
1576 3614 1666 3664 est
1691 3615 1883 3684 caput,
1926 3613 1992 3662 ut
2015 3598 2172 3685 κάρη
2197 3605 2513 3682 Aedibus,-

350 3712 460 3771 pro
488 3703 613 3753 toto
647 3693 817 3752 vultu
857 3704 1222 3771 usurpatum.
1263 3695 1542 3751 Draus-r.
1632 3709 1777 3747 cara
1817 3698 2016 3769 caput,
2060 3690 2280 3749 vultus.
2365 3690 2506 3771 quia

351 3778 417 3836 in
445 3778 689 3838 Graecia
721 3778 1012 3837 scribebat
1041 3779 1356 3857 Corippus,
1400 3778 1623 3835 Graeco
1647 3774 1932 3834 vocabulo
1966 3773 2175 3833 maluit
2204 3775 2325 3849 uti,
2369 3793 2507 3834 cum

352 3863 520 3935 nullo
560 3863 799 3922 omnino
840 3862 1077 3941 negotio
1116 3863 1368 3923 scribere
1404 3862 1692 3939 potuisset
1713 3858 2029 3918 ver-endum
2052 3869 2252 3937 eaput.
2339 3869 2505 3939 patet

355 3955 556 4013 autem
600 3943 741 4004 hinc
788 3948 1089 4007 communi
1132 3967 1245 4006 usu
1286 3947 1659 4026 loquentium
1705 3946 1885 4003 etiam
1915 3962 2119 4001 caram
2140 3954 2503 4023 usurpatam,

356 4038 426 4086 ut
456 4038 604 4085 testa
627 4026 807 4088 hodie
832 4031 991 4111 apud
1018 4032 1219 4091 Gallos
1244 4040 1305 4089 et
1327 4030 1507 4090 Italos
1534 4028 1699 4088 idem
1722 4038 1918 4104 notat,
1967 4029 2106 4110 quia
2130 4037 2280 4088 testa
2306 4046 2344 4086 a
2369 4044 2505 4086 me-

360 4108 511 4169 dicis
552 4121 611 4169 et
646 4115 837 4191 poetis
874 4115 1096 4176 dictum
1134 4135 1345 4175 cavum
1381 4133 1826 4195 convexumqne
1869 4133 1935 4172 os
1951 4157 1968 4188 ,
2029 4131 2145 4193 quo
2170 4166 2174 4171 .
2196 4112 2504 4171 cerebrum

359 4196 689 4254 continetur
703 4240 721 4271 ,
766 4207 824 4256 et
848 4200 931 4257 ita
957 4199 1311 4260 Prudentius
1340 4200 1405 4258 in
1435 4202 1735 4259 Romano:
1780 4218 2007 4256 comam
2038 4208 2342 4276 cutemque
2367 4214 2504 4253 ver-

359 4280 493 4337 tici-2
515 4280 840 4341 revulserat
862 4284 1119 4363 afivnte
1144 4296 1347 4357 tortor,
1391 4283 1557 4343 nuda
1581 4294 1728 4342 testa
1752 4293 1820 4340 ut
1840 4284 2092 4363 tegmine
2115 4282 2395 4341 cervicem
2418 4275 2508 4335 ad

359 4384 544 4444 usque
569 4363 969 4428 dehonestaret
989 4383 1189 4455 canza.
1254 4371 1340 4432 sic
1363 4366 1685 4450 legendum
1707 4365 1867 4449 apud
1894 4367 2279 4427 Guilielmum
2303 4364 2502 4424 Brito·

450 4471 647 4528 Merob.
687 4479 739 4530 ct
780 4474 899 4531 Cor.
2017 4469 2101 4532 80
