3210 5200
679 390 778 461 28
1599 391 1932 462 GORJPPI

716 555 801 621 25
841 555 1149 637 ingenium
1174 555 1281 616 lati
1310 555 1567 618 volitans
1590 579 1700 639 per
1726 556 1900 619 devia
1925 557 2157 619 mundi.

841 661 1188 719 summatim
1210 660 1316 718 illa
1343 678 1587 719 canam:
1632 665 1884 721 summis
1911 660 2062 720 haec
2088 659 2364 722 laudibus
2389 673 2550 744 apta.

924 761 1128 818 Africa
1155 761 1265 818 sub
1290 780 1511 840 magno
1537 765 1786 822 nutabat
1812 765 1971 822 fessa
1995 763 2251 840 periclo:

844 879 986 919 nam
1012 862 1137 920 fera
1165 862 1487 922 barbaricis
1515 865 1710 924 rabies
1738 875 2041 926 exarserat
2066 866 2268 937 armis,

844 962 1077 1022 insidiis
1096 1009 1111 1038 ,
1154 963 1344 1038 ferro,
1385 965 1643 1024 flammis
1671 967 2028 1046 populisque
2055 966 2331 1044 superba,

722 1069 806 1131 80
846 1063 1045 1123 omnia
1069 1062 1433 1125 succendens
1461 1064 1726 1146 direptae
1746 1070 1984 1127 moenia
2007 1076 2220 1142 terrae,

848 1168 1227 1248 captivosque
1254 1165 1496 1227 trahens
1522 1168 1749 1228 cunctis
1775 1188 1810 1227 e
1835 1167 2102 1248 partibus
2127 1166 2332 1226 Afros.

845 1270 968 1327 iam
996 1269 1233 1328 nullum
1257 1267 1576 1330 discrimen
1605 1281 1763 1329 erat:
1810 1287 1934 1329 non
1956 1270 2189 1329 vatibus
2212 1271 2354 1329 uilis

845 1389 1085 1449 parcere
1100 1415 1118 1447 ,
1160 1391 1273 1430 nec
1301 1371 1543 1432 senibus
1570 1373 1764 1453 potuit
1794 1370 2112 1432 concedere
2142 1373 2316 1433 fessis

847 1476 1116 1554 quisquis
1145 1470 1337 1532 honos
1355 1474 1538 1534 busti.
1621 1476 1806 1533 iacuit
1829 1483 1972 1532 tunc
1998 1495 2175 1534 omne
2205 1473 2455 1535 cadaver

721 1573 803 1642 85
847 1575 1185 1635 confossum
1211 1572 1452 1652 gladiis.
1534 1577 1693 1634 natis
1718 1576 1811 1635 fas
1836 1595 1958 1635 non
1985 1577 2101 1637 fuit
2128 1577 2269 1636 ullis

847 1696 1091 1756 corpora
1118 1695 1288 1734 caesa
1310 1684 1550 1753 patrum
1576 1687 1894 1754 congestae
1924 1676 2180 1737 subdere
2201 1673 2415 1753 terrae,

847 1779 1097 1838 vulnera
1117 1796 1230 1835 nec
1253 1775 1518 1836 lacrimis
1538 1779 1901 1856 permissum
1923 1776 2241 1837 infundere
2262 1781 2459 1839 iustis.

849 1877 996 1937 dum
1018 1888 1188 1957 pater
1209 1880 1592 1958 opprimitur,
1635 1881 1763 1937 nati
1790 1880 2132 1958 coniuxque
2155 1877 2487 1955 trahuntur,

850 1980 1208 2061 diripiuntur
1237 1999 1403 2060 opes.
1486 1982 1675 2041 virtus
1697 1983 1919 2060 premit
1937 1980 2208 2059 improba
2232 1983 2459 2059 Martis,

723 2083 807 2151 40
846 2094 907 2141 et
933 2085 1035 2162 pia
1061 2080 1327 2142 desertae
1352 2082 1708 2162 linquuntur
1726 2083 1938 2142 funera
1965 2094 2182 2143 terrae.

843 2186 1061 2245 nobilis
1090 2195 1150 2244 et
1177 2204 1408 2264 pauper
1431 2204 1573 2243 casu
1598 2185 1910 2264 rapiuntur
1932 2185 1997 2244 in
2019 2204 2164 2245 uno.

842 2289 1039 2350 luctus
1070 2287 1293 2367 ubique
1328 2296 1528 2361 sonat,
1569 2295 1760 2345 terror
1788 2288 2091 2367 tristisque
2116 2306 2227 2366 per
2261 2304 2468 2348 omnes

847 2396 899 2453 it
927 2401 1126 2450 metus
1141 2433 1159 2465 ,
1203 2398 1264 2447 et
1292 2385 1456 2446 duris
1481 2389 1794 2448 turbantur
1818 2399 2028 2447 cuncta
2050 2389 2311 2467 periclis.

843 2498 978 2577 quis
1006 2493 1281 2553 lacrimas
1294 2534 1312 2566 ,
1350 2488 1580 2566 clades,
1622 2488 1877 2571 praedas
1892 2534 1911 2567 ,
1949 2489 2225 2550 incendia
2240 2536 2258 2566 ,
2298 2503 2542 2572 mortes,

717 2599 800 2668 45
842 2595 1091 2659 insidias
1109 2640 1128 2672 ,
1170 2595 1432 2674 gemitus
1448 2637 1467 2669 ,
1509 2604 1876 2653 tormentum
1891 2637 1909 2669 ‚
1951 2594 2223 2669 vincula,
2266 2606 2471 2674 raptus

843 2703 1136 2781 explicet,
1187 2706 1292 2755 aut
1316 2698 1568 2756 miseros
1591 2698 1784 2774 possit
1804 2714 2119 2754 numerare
2144 2694 2378 2757 dolores
2391 2695 2426 2757 1

843 2806 1018 2863 tertia
1041 2820 1180 2881 pars
1201 2796 1417 2857 mundi
1442 2799 1683 2857 fumans
1708 2800 1866 2876 perit
1887 2798 2091 2856 Africa
2112 2798 2394 2858 flammis.

925 2908 1174 2984 Iamque
1199 2903 1336 2979 pius
1360 2901 1639 2979 princeps
1662 2899 1936 2958 volvebat
1961 2908 2200 2976 pectore
2225 2919 2395 2960 curas

845 3024 1103 3086 pensans
1117 3048 1135 3080 ,
1179 3012 1239 3060 et
1265 3010 1497 3061 nostras
1524 2997 1824 3059 meditans
1851 3018 2034 3080 quem
2057 3002 2240 3061 vellet
2267 3003 2332 3060 in
2357 3021 2494 3062 oras

726 3111 808 3177 50
850 3107 1158 3167 ductorem
1179 3101 1465 3164 mandare
1491 3101 1714 3162 ducum
1735 3121 2156 3184 summumque
2179 3107 2531 3185 mag-istrum

851 3211 1102 3272 militiae
1119 3252 1136 3284 ‚
1180 3217 1408 3265 tantam
1432 3207 1676 3284 cupiens
1704 3206 1916 3264 fulcire
1940 3207 2198 3266 ruinam.

854 3322 1063 3372 cuncta
1090 3309 1419 3367 revolventi
1450 3309 1616 3367 solus
1642 3310 1860 3368 virtute
1882 3305 2181 3367 Iohannes

854 3414 1219 3492 consilioque
1250 3411 1493 3490 placens
1520 3412 1695 3469 sortis
1721 3411 2078 3489 sapiensque
2106 3407 2366 3470 videtur.

851 3515 1125 3598 gentibus
1147 3513 1276 3592 ipse
1299 3512 1443 3571 feris
1468 3531 1810 3571 concurrere
1829 3531 2007 3590 posse
2031 3523 2274 3591 putatur

726 3618 808 3687 55
850 3619 1015 3680 solus
1030 3660 1047 3693 ,
1091 3625 1151 3673 et
1170 3615 1420 3673 infestas
1444 3634 1581 3673 acer
1603 3623 1973 3693 prosternere
1999 3626 2250 3674 turmas.

844 3724 1068 3804 quippe
1093 3718 1210 3781 viri
1237 3716 1422 3779 decus
1447 3728 1509 3777 et
1528 3718 1819 3797 praeclari
1847 3717 2021 3795 signa
2045 3717 2268 3777 labor-Is

670 3935 1113 4007 ffibaecletlii
1308 3932 1739 3991 &barbas-Rs?
1922 3929 2292 3987 Bodireffl'l'
2472 3927 2865 3996 86mrgere'1'

670 4009 743 4064 87
774 4007 1074 4072 fundet-0¹1·
1098 4004 1710 4060 mnesitheus-uma·
1772 4001 1818 4056 11
2049 4000 2229 4071 mit]
2264 3998 2393 4053 etr
2591 3995 2855 4052 440t45a

672 4079 747 4133 cf.
769 4080 807 4132 2
825 4078 919 4143 75,
955 4079 991 4131 4
1010 4077 1114 4131 223
1134 4082 1190 4128 et
1209 4075 1313 4129 586
1333 4082 1387 4127 et
1407 4073 1543 4137 592,
1577 4072 1644 4125 de
1662 4071 1747 4124 lau
1848 4075 1948 4126 nst.
1966 4069 2004 4125 3
2024 4070 2124 4135 74,
2155 4072 2194 4125 4
2204 4000 2297 4127 144.
2364 4066 2599 4138 qualibus
2621 4065 2858 4119 versibus

676 4163 790 4200 cnm
816 4146 900 4199 elii
930 4147 1038 4200 eius
1056 4145 1416 4279 aetatisopoets2
1401 4112 1787 4267 ἕοῗοέῗοιιιιωιωι·
1796 4106 2360 4273 ἔυωὲωοτοᾱίξῧιιαῆἐὲ
2377 4134 2856 4268 ωοξοωΊΒίὦοηίιιέ

673 4231 958 4353 {23⁸2}ss
988 4216 1466 4351 823311153141—
1478 4280 1670 4346 8316
1702 4279 1772 4333 49
1810 4209 2094 4337 egam
2184 4222 2638 4346 madianita,
2682 4272 2858 4331 nodo·

676 4369 799 4409 rans
818 4354 932 4410 m·
1126 4349 1197 4409 55
1228 4350 1444 4407 insuam
1481 4350 1546 4418 Τ,
1575 4348 1803 4405 infensas
1822 4347 1901 4406 M.
