3210 5200
1022 434 1573 522 lonANmnos'
1601 456 1760 524 Lm.
1809 461 1893 529 v.

519 1206 761 1271 horrida
790 1215 951 1276 bella
984 1232 1173 1297 parat.
1260 1222 1593 1291 discurrens
1623 1234 1784 1292 fama
1815 1257 1923 1315 per
1955 1260 2162 1301 omnes

356 1309 480 1375 190
520 1313 569 1370 it
594 1317 880 1395 populos,
923 1338 1174 1398 regnum
1198 1327 1411 1385 oeciuit
1430 1330 1597 1409 quod-
1625 1337 1899 1413 gentibus
1924 1342 2207 1406 Ammon.

519 1429 842 1477 excurrunt
868 1422 1089 1483 celeres
1116 1425 1324 1486 calidis
1354 1448 1388 1487 a
1414 1432 1689 1512 Syrtibus
1715 1439 1867 1516 alae,

517 1513 890 1602 invitantque
915 1524 1074 1585 feras
1100 1532 1271 1606 regni
1293 1533 1401 1590 sub
1428 1536 1689 1616 imagine
1715 1552 1946 1619 gentes.

519 1615 767 1679 barbara
790 1626 963 1683 turba
992 1629 1139 1702 coit3
1180 1626 1445 1695 muneris
1477 1652 1729 1719 augetur
1756 1652 1815 1701 et
1839 1647 2042 1706 annis.

520 1728 660 1780 tunc
691 1727 923 1806 equites
955 1727 1187 1807 pedites
1214 1749 1536 1816 quaerunt,
1585 1743 1841 1825 altisque
1870 1750 2113 1809 camelis

350 1819 474 1885 195
516 1824 858 1885 Maurorum
885 1831 990 1911 qui
1014 1851 1180 1891 more
1206 1834 1436 1898 sedent.
1518 1861 1633 1901 nec
1665 1847 1828 1905 solus
1859 1850 2126 1929 Ilasguas

516 1935 619 1982 aut
644 1938 852 2005 gentes
879 1940 1143 2009 tantmn,
1195 1951 1443 2017 egerunt
1467 1964 1622 2027 quae
1647 1947 1806 2006 bella
1824 1991 1841 2024 ,
1884 1954 2113 2031 priores

516 2046 846 2089 convenere
874 2033 1022 2108 sibi,
1066 2032 1174 2093 sed
1198 2040 1252 2095 si
1282 2044 1416 2120 quis
1446 2044 1679 2125 Syrtica
1708 2069 1845 2108 rura

511 2147 687 2208 asper
714 2144 840 2191 arat
870 2138 1167 2195 Nasamon
1186 2182 1204 2214 ‚
1248 2143 1299 2199 si
1330 2147 1463 2224 quis
1493 2150 1945 2214 Garamantidos
1976 2159 2134 2220 arvis

512 2231 823 2311 proximus
857 2255 996 2294 arva
1033 2239 1206 2315 colit,
1249 2246 1490 2325 pinguis
1520 2253 1625 2331 qui
1651 2256 1921 2334 margine
1943 2260 2068 2317 Nili

333 2333 471 2397 200
511 2344 718 2414 stagna
749 2336 991 2414 bibunt,
1034 2354 1251 2403 venere
1278 2349 1413 2406 viri.
1498 2355 1633 2432 quis
1663 2353 1861 2414 dicere
1888 2370 2097 2434 gentes

509 2447 612 2494 aut
638 2457 951 2498 numerare
983 2441 1206 2522 queat?
1291 2467 1571 2511 numeres
1598 2468 1702 2515 aut
1727 2461 2003 2539 aequoris
2034 2461 2226 2524 undas

507 2539 846 2599 nimborum
878 2554 981 2602 aut
1009 2555 1237 2622 guttas,
1293 2560 1395 2609 aut
1424 2567 1678 2633 quantas
1704 2559 1848 2618 litus
1877 2579 2088 2621 arenas

506 2641 680 2700 alluit
694 2654 732 2719 ‚'
756 2654 860 2701 aut
879 2647 1127 2725 pelagus
1151 2651 1345 2726 pisces
1372 2665 1474 2712 aut
1495 2667 1652 2717 terra
1675 2660 1946 2719 volucres

506 2747 707 2804 omnis
727 2741 940 2824 habet,
982 2751 1181 2808 varius
1210 2764 1356 2832 quot
1381 2758 1574 2835 gignit
1599 2780 1844 2840 campus
1872 2764 2083 2823 aristas

329 2844 463 2910 205
502 2863 643 2904 vere
670 2867 826 2906 novo
843 2892 860 2925 ,
903 2850 1003 2908 vel
1024 2861 1218 2909 totum
1246 2869 1459 2916 ornant
1484 2872 1628 2941 quot
1656 2862 1851 2938 sidera
1882 2867 2137 2926 caelum.

586 2950 825 3012 Viribus
848 2949 991 3009 inde
1021 2954 1146 3012 suis
1172 2954 1470 3017 bellorum
1495 2959 1707 3023 ductor
1736 2986 1913 3025 arene

502 3067 778 3108 securum
800 3050 1135 3134 fortemque
1160 3069 1408 3137 putans,
1452 3066 1770 3126 simulacra
1797 3072 2039 3130 novavit

502 3150 821 3233 signaque,
867 3164 926 3220 et
953 3160 1238 3217 extremis
1264 3164 1419 3222 acies
1446 3172 1768 3228 commovit
1794 3170 1869 3227 ab
1902 3175 2041 3247 oris,

502 3254 637 3332 plns
660 3255 834 3313 solita
863 3258 1078 3316 virtute
1103 3258 1397 3340 fremens,
1446 3286 1515 3325 ao
1540 3273 1735 3348 pergit
1760 3273 1825 3329 in
1860 3271 2117 3336 hostem.

326 3355 462 3418 210
502 3356 692 3415 victus
721 3368 788 3416 ut
814 3361 1121 3424 Herculeis
1146 3363 1411 3423 Antaeus
1436 3386 1615 3447 saepe
1642 3371 1878 3432 lacertis

503 3467 770 3518 contacta
794 3461 1029 3539 lapsum
1055 3465 1366 3544 reparabat
1393 3488 1609 3549 corpus
1633 3492 1834 3548 arena,

501 3570 710 3636 sponte
743 3560 958 3621 cadens
974 3609 990 3639 ,
1033 3566 1223 3626 victor
1255 3555 1445 3629 donec
1473 3572 1832 3653 Tirynthius
1866 3587 2057 3655 artem

499 3671 905 3737 nosceret‚.et
928 3669 1178 3727 summis
1205 3673 1557 3752 complexus
1586 3677 1811 3737 viribus
1839 3674 2075 3738 hostem

497 3775 834 3840 prensasset
861 3786 1121 3845 pronum
1146 3790 1283 3831 cmn
1306 3794 1526 3854 magno
1553 3777 1820 3856 pondere
1853 3801 2085 3861 corpus,

325 3860 457 3927 215
497 3874 735 3941 guttura
760 3887 938 3928 saeva
964 3891 1273 3949 premens:
1318 3887 1385 3935 ut
1409 3888 1629 3936 terram
1652 3893 1897 3961 tangere
1926 3894 2178 3945 matrem

497 3957 872 4050 acapnum,
912 3975 1130 4034 victrix
1160 3979 1365 4038 miseri
1387 4000 1548 4043 mors
1578 3982 1807 4043 lumina
1840 3986 2085 4047 clausit:

325 4177 434 4233 185
466 4180 668 4236 carthan
709 4200 776 4240 an
817 4190 869 4244 Τ
1082 4196 1184 4251 186
1214 4194 1310 4249 ibit
1345 4196 1410 4251 M
1625 4202 1721 4259 191
1756 4202 1837 4257 ala
1875 4204 1927 4258 Τ
2124 4209 2226 4264 192

324 4249 435 4301 197
464 4250 508 4300 si
542 4251 690 4321 quin]
722 4257 838 4325 quis
877 4261 952 4328 Τ,
991 4263 1216 4334 quisquis
1245 4267 1304 4318 M
1510 4268 1608 4323 198
1638 4280 1841 4341 asperat
1860 4290 2101 4330 namuci·
2126 4278 2177 4330 Τ

200 4367 205 4368 ⁷
315 4314 368 4366 si
390 4316 533 4386 quin]
568 4324 729 4392 etqui
752 4327 815 4379 M
978 4333 1081 4408 206
1114 4350 1348 4387 aceruum
1373 4337 1448 4391 M.
1497 4355 1569 4389 απ
1589 4356 1793 4394 arenam
1815 4346 2085 4398 securam?

2404 424 2541 546 111

2254 4212 2511 4333 “cz-5

2255 4351 2359 4402 212
2372 4301 2504 4404 “212

309 4395 515 4438 timeus
540 4389 591 4440 T
790 4397 894 4453 214
924 4403 1230 4471 pensasset?
1263 4421 1328 4461 ca
1349 4406 1494 4462 verbi
1509 4415 1897 4482 pote-tanqua
1922 4420 1998 4470 est
2018 4415 2238 4484 potitum
2259 4417 2295 4472 2
2319 4420 2439 4475 276.

412 4480 613 4540 Merob-
653 4495 704 4544 σε
747 4490 867 4546 Cor.
2010 4505 2093 4566 12
