3210 5200
964 319 1058 386 IN
1108 318 1639 386 IOHANNIDOS
1686 317 1721 385 1
1765 318 2073 394 NOTAE.
2464 317 2614 396 215

430 489 592 548 reiici
618 510 651 548 a
681 487 941 548 cellario
962 486 1114 545 fulto
1146 485 1496 544 auctoritate
1524 485 1754 561 Servii,
1799 505 1835 544 a
1867 485 2083 566 quibus
2112 492 2316 543 tamen
2342 480 2616 544 dissentit

427 577 726 634 Manutius
763 593 902 633 cum
934 569 1224 631 Charisia.
2564 584 2570 596 ¹

592 678 697 739 93.
781 694 876 732 ms
903 683 1057 744 aete,
1099 672 1323 752 absque
1349 673 1562 751 spiritu
1578 716 1596 748 ,
1639 682 1707 730 ut
1729 672 2075 752 frequenter
2098 672 2162 728 in
2187 667 2303 729 hoc
2328 668 2529 730 codice
2557 680 2618 728 et

427 760 611 817 etiam
651 762 717 816 in
763 759 1062 838 aliquibus
1101 759 1586 836 inscriptionibus
1628 757 1789 836 apud
1825 759 2174 816 Reinesium
2208 768 2266 815 et
2299 758 2617 814 Gruterum

426 839 579 902 teste
608 846 963 902 Forcellino.
1049 840 1205 901 hanc
1230 854 1432 902 tamen
1461 846 1751 900 rationem
1775 839 2073 900 scribendi
2105 860 2239 897 eam
2263 861 2472 898 vocem
2497 861 2619 898 non

429 928 583 986 duxi
627 927 997 1008 sequendam
1045 946 1212 986 esse:
1283 948 1424 985 nam
1476 929 1626 987 Italo
1665 926 1896 985 homini
1941 926 2128 984 seculi
2172 923 2282 999 14,
2344 930 2449 1004 qui
2491 927 2618 983 fere

429 1033 640 1071 omnes
684 1011 1086 1092 diphthongos
1128 1015 1308 1071 etiam
1355 1015 1591 1087 omisit,
1634 1013 1873 1070 facilius
1900 1013 2014 1069 fuit
2043 1011 2351 1088 negligere
2379 1012 2618 1067 literam

427 1098 473 1155 h
516 1118 699 1178 quam
738 1100 907 1156 illam
940 1097 1181 1156 addere.
1270 1119 1332 1156 re
1360 1110 1508 1155 'vera
1543 1096 1883 1155 videbimus
1918 1097 2076 1153 infra
2120 1098 2405 1153 omissam
2431 1097 2616 1152 fuisse

427 1184 698 1261 pluribus
738 1184 867 1242 aliis
902 1186 964 1240 in
998 1184 1278 1259 vocibus,
1325 1202 1478 1265 quae
1506 1183 1730 1263 absque
1759 1181 2159 1263 adspiratione
2187 1199 2488 1261 nusquam
2517 1201 2615 1237 re-

427 1270 753 1346 periuntur.

593 1371 696 1432 98.
782 1371 1156 1430 Menneu-oen
1193 1372 1420 1428 victum
1461 1369 1556 1426 bis
1598 1387 1634 1426 a
1666 1368 1954 1425 Romanis
1984 1387 2107 1424 non
2138 1366 2319 1444 longe
2347 1386 2382 1424 a
2403 1365 2613 1425 Theo-

427 1449 725 1533 dosiopoli
758 1466 958 1513 narrat
989 1458 1315 1533 Procopius
1348 1454 1421 1511 de
1448 1452 1599 1510 bello
1626 1455 1795 1510 Pers,
1832 1455 1866 1514 1
1911 1454 2023 1526 153
2070 1463 2126 1509 et
2161 1453 2306 1509 alibi
2335 1449 2614 1512 describit

427 1537 659 1613 clades,
707 1560 856 1619 quae
901 1541 1128 1618 accepit
1171 1543 1466 1597 exercitus
1505 1541 1633 1597 eius
1672 1558 1705 1595 a
1747 1540 2031 1596 Romanis
2074 1536 2305 1596 duobus
2345 1539 2408 1594 iu
2447 1539 2612 1597 libris

426 1624 500 1680 de
529 1621 681 1681 bello
709 1627 879 1682 Pers.
891 1666 915 1694 ,
959 1635 1018 1683 et
1042 1625 1083 1688 4
1110 1624 1183 1683 de
1207 1624 1358 1683 hello
1392 1623 1573 1682 Goth.
1662 1621 1770 1684 sed
1797 1621 1871 1680 de
1899 1624 2062 1681 iuius
2092 1624 2431 1701 captivitate
2457 1620 2614 1680 nihii

426 1712 618 1787 reperi
647 1707 896 1767 ibidem.

593 1813 695 1875 99.
782 1810 964 1868 verbo
989 1807 1263 1868 benedico
1286 1830 1422 1868 cum
1452 1812 1785 1868 accusativo
1807 1829 1951 1869 usus
1979 1819 2069 1867 est
2091 1809 2403 1888 Apuleius,
2431 1830 2614 1890 quem

429 1895 569 1952 citat
594 1896 987 1970 Fon-cellinus,
1033 1905 1091 1953 et
1119 1897 1410 1974 Corippus
1434 1906 1638 1954 noster
1663 1899 1845 1954 etiam
1872 1896 1945 1952 de
1965 1896 2171 1953 Laud.
2205 1895 2358 1955 Just.
2390 1900 2431 1958 2
2469 1899 2613 1959 161.

596 2001 737 2063 100.
821 1997 1071 2055 Plautus
1099 1996 1246 2054 -s'Wil-
1271 1997 1432 2074 glor.
1468 1996 1511 2060 4
1547 2002 1588 2061 2
1620 1997 1738 2061 64:
1784 1996 2092 2075 zubicape,
2133 1999 2356 2055 occisor
2377 2017 2610 2075 regum.

424 2083 509 2141 ita
552 2077 952 2163 πολιορκητής
993 2081 1155 2161 apud
1181 2080 1402 2140 Athen.
1432 2087 1470 2146 6
1503 2102 1554 2140 c.
1590 2083 1669 2144 13
1698 2102 1759 2161 p.
1792 2082 1916 2145 252
1945 2081 2042 2140 ed.
2075 2080 2271 2159 Lugd.
2307 2083 2471 2143 1652
2503 2102 2616 2138 vo-

426 2177 593 2226 catur
629 2170 966 2227 Demetrius
1006 2168 1296 2246 Antigoni
1328 2167 1517 2242 filius,
1560 2165 1947 2226 Macedoniae
1975 2186 2116 2243 rex,
2161 2168 2236 2226 ob
2263 2167 2484 2226 multas
2509 2187 2615 2224 ur-

425 2252 534 2311 bes
563 2271 597 2308 a
626 2272 689 2311 se
719 2263 1114 2333 expugnatae.
2617 2249 2622 2253 ’

595 2352 679 2414 ib.
766 2356 1065 2412 maximus
1091 2351 1271 2412 orbi-3.
1365 2352 1548 2412 etiam
1574 2351 1649 2411 de
1673 2352 1882 2412 Laud.
1912 2351 2066 2411 lust.
2106 2349 2303 2416 1214
2333 2362 2394 2410 et
2414 2357 2459 2417 2
2495 2349 2618 2418 145

428 2435 710 2498 desinunt
740 2442 981 2518 pariter.

604 2526 743 2587 101.
830 2525 905 2582 de
918 2523 1126 2581 Laud.
1155 2523 1307 2582 luet.
1344 2526 1378 2585 1
1413 2521 1993 2587 855-Iuetin1anue
2012 2541 2193 2598 apex,-
2233 2530 2291 2578 et
2309 2521 2618 2580 Ammian.

427 2610 695 2667 Marcell.
721 2613 800 2673 21
845 2614 919 2673 16
961 2610 1082 2690 (al.
1116 2609 1242 2688 82)
1286 2609 1593 2689 imperiale
1622 2608 1878 2666 culmen.

599 2695 743 2758 103.
828 2694 1174 2752 discrimina
1203 2695 1362 2752 belli.
1454 2698 1542 2752 sic
1570 2693 1788 2753 desinit
1816 2693 1889 2751 cle
1917 2693 2124 2751 Laud.
2161 2691 2313 2752 luet.
2346 2696 2386 2758 3
2423 2691 2531 2758 95.

600 2781 745 2843 108.
820 2791 962 2857 poet
985 2791 1247 2857 tempora
1279 2780 1354 2838 de
1376 2781 1580 2838 Laud.
1620 2780 1771 2838 Ita-st.
1803 2783 1845 2843 2
1882 2779 2031 2843 852.

596 2866 740 2927 112.
825 2867 914 2923 sic
945 2864 1161 2925 desinit
1194 2868 1356 2944 Virg.
1384 2866 1549 2923 Aen.
1586 2866 1626 2928 5
1662 2868 1808 2929 381.

442 3008 443 3013 ,
598 2947 742 3011 114.
810 2950 1031 3024 finnt..
1044 2950 1282 3008 ,hostia
1373 2970 1550 3030 saepe
1577 2953 1831 3008 occurrit
1853 2951 1915 3007 in
1945 2947 2147 3007 codice
2171 2959 2371 3008 nostro
2395 2945 2609 3006 huius-

426 3029 591 3091 modi
630 3037 970 3105 terminatio
1001 3038 1321 3093 accusativi
1349 3037 1597 3115 pluralis
1625 3040 1872 3110 tertiae3
1918 3032 1993 3093 de
2023 3056 2140 3116 qua
2160 3038 2498 3093 Piiscianus
2527 3037 2610 3091 ita

425 3117 642 3175 tradit.
689 3140 943 3198 quorum
965 3124 1207 3198 primus
1238 3132 1295 3176 et
1332 3121 1628 3178 secundus
1662 3142 1838 3178 casus
1871 3121 2176 3201 singulari
2209 3140 2452 3178 numero
2489 3120 2614 3177 sint

428 3202 650 3259 similes
661 3245 692 3274 ,
733 3225 934 3263 eorum
969 3216 1251 3284 quartum
1277 3205 1515 3282 plurali
1530 3205 1888 3284 plerumque
1916 3219 2075 3264 veter
2073 3228 2132 3263 es
2161 3208 2228 3264 in
2255 3209 2307 3263 is
2334 3206 2610 3283 longum,

430 3307 552 3344 non
582 3289 646 3344 in
673 3309 737 3347 es
754 3334 771 3363 ,
817 3311 925 3368 qm
948 3302 1150 3347 suetus
1176 3293 1365 3347 exitus
1392 3303 1501 3360 est,
1528 3290 1854 3369 firmasse.
1945 3312 1994 3349 e.
2030 3313 2084 3349 c.
2131 3291 2412 3348 Sallus-tei
2428 3293 2613 3367 prin-

429 3372 678 3448 cipium.-
721 3377 915 3432 omnic
953 3374 1218 3433 homines
1261 3378 1377 3433 nili
1414 3376 1595 3434 decet.
1684 3375 1849 3432 Aen.
1893 3374 1936 3438 4
1981 3373 2103 3439 427
2122 3392 2144 3432 τ
2185 3378 2439 3433 cinerem
2478 3395 2615 3431 ma·-

428 3458 598 3514 m'eve
623 3458 847 3517 revelli.
940 3470 994 3516 et
1024 3463 1063 3522 9
1097 3463 1211 3523 60:
1252 3481 1459 3520 nervae
1488 3481 1807 3540 perpessus
1846 3471 1904 3518 et
1946 3460 2175 3518 imbria.
2265 3471 2323 3517 et
2351 3462 2438 3517 eie
2477 3457 2616 3517 ubi-

429 3562 545 3620 que
575 3543 752 3619 apud
785 3545 1130 3623 Virgilium.

600 3627 745 3692 115.
831 3630 1113 3688 oecidtms
1148 3628 1290 3688 dicit
1327 3641 1560 3706 auctor,
1611 3633 1750 3710 quia
1780 3631 2016 3710 epulis,
2062 3632 2172 3688 etsi
2209 3630 2383 3689 nobis
2414 3641 2505 3690 est
2536 3631 2615 3692 ad

427 3714 753 3788 orientem,
794 3714 1067 3774 redeunti
1093 3713 1344 3773 Iohanni
1378 3737 1410 3773 e
1440 3714 1684 3774 Perside
1718 3727 1843 3773 erat
1868 3715 1946 3773 ad
1969 3715 2357 3775 occidentem.

600 3800 743 3863 117.
775 3864 779 3868 ,
830 3802 916 3859 sic
956 3801 1031 3857 de
1056 3801 1265 3858 Laud.
1300 3800 1449 3858 llas-t.
1481 3807 1519 3865 3
1555 3800 1678 3865 244
1714 3802 1998 3859 Romana
2024 3802 2269 3879 palatia
2296 3813 2470 3861 vocat
2502 3822 2615 3860 au-

429 3890 556 3939 ctor
584 3901 653 3939 ea
683 3902 835 3962 quae
864 3887 1037 3965 Cpoli
1066 3886 1413 3959 exstabant,
1454 3905 1637 3966 quam
1671 3888 1882 3945 urbem
1916 3886 2131 3945 iisdem
2160 3889 2223 3945 in
2249 3887 2418 3948 libris
2450 3908 2617 3947 sem-

425 3983 536 4042 per
571 3969 834 4046 appeflat
864 3970 1108 4029 Novam
1138 3972 1422 4027 Romam.

603 4056 818 4121 119—
834 4058 947 4119 20.
1021 4058 1106 4114 ita
1144 4056 1217 4113 de
1258 4054 1464 4113 Laud.
1502 4055 1653 4113 lust.
1689 4058 1723 4118 1
1766 4054 1905 4120 158.
1991 4075 2050 4112 τ’.
2088 4058 2150 4113 in
2183 4055 2342 4115 hunc
2374 4076 2615 4114 versum

430 4131 637 4191 Barth.
672 4147 730 4193 et
759 4138 1517 4220 ib.Ritte1-shusium‚qui
1542 4143 1713 4219 plura
1740 4151 2160 4219 congesserunt
2187 4142 2259 4200 de
2291 4146 2407 4200 ritu
2437 4161 2612 4200 oscu-

429 4216 597 4278 landi
627 4219 812 4297 pedes
843 4225 1292 4301 imperatorum.
1380 4226 1516 4285 vide
1553 4227 1734 4286 etiam
1761 4226 2028 4286 Iudicem
2058 4247 2116 4289 v.
2146 4227 2371 4287 oscula.

470 4322 473 4327 ·
600 4307 746 4369 123.
832 4327 890 4368 v.
919 4327 1099 4388 supra
1126 4309 1287 4372 adv.
1320 4316 1461 4378 101.
