3210 5200
737 1260 749 1274 .
850 1136 1312 1225 LIBER
1423 1137 2032 1230 PRIMUS.

523 1522 741 1643 Signa
758 1606 776 1639 ,
818 1553 999 1623 <luces
1025 1576 1351 1646 gentesque
1376 1567 1534 1627 feras
1560 1560 1887 1650 Martisque
1918 1572 2138 1650 ruinas,

522 1665 766 1726 insidias
794 1678 1137 1747 stragesque
1169 1669 1364 1726 virum
1392 1667 1689 1750 durosque
1714 1672 1965 1749 labores,

525 1779 584 1825 et
607 1771 857 1848 Libycas
884 1768 1082 1827 clades
1111 1779 1170 1826 et
1195 1769 1414 1828 fractos
1440 1772 1666 1830 viribus
1696 1770 1919 1849 hostes,

520 1868 921 1952 indIctamque
954 1872 1181 1929 famem
1208 1872 1446 1951 populis
1472 1874 1795 1953 laticesque
1815 1887 2086 1956 negatos,

440 1971 481 2038 6
518 1985 767 2055 utraque
798 1975 1031 2032 letifero
1062 1974 1366 2032 turbantes
1393 1985 1582 2033 castra
1605 1977 1887 2052 tumnultu,

520 2076 784 2135 turbatos
812 2086 1145 2156 stratosque
1176 2095 1324 2134 cano
1348 2077 1724 2156 populosque
1752 2079 2047 2156 subactos,

521 2176 824 2237 ductorem
854 2189 915 2237 et
941 2197 1160 2256 magno
1187 2179 1521 2257 sig-nantem
1550 2180 1708 2238 facta
1735 2179 2064 2261 triumpho·

517 2280 829 2340 Aeneadas
856 2300 1058 2338 rursus
1083 2283 1328 2360 cupiunt
1354 2300 1627 2341 resonare
1655 2282 1973 2343 Camenae.

514 2383 745 2443 reddita
773 2401 899 2462 pax
927 2383 1153 2462 Libyae
1184 2383 1361 2443 bellis
1391 2385 1758 2444 cessantibus
1789 2395 1961 2460 astat,

402 2486 481 2549 10
520 2486 733 2544 certior
759 2495 820 2542 et
844 2488 1099 2564 geminis
1130 2486 1324 2566 fulget
1349 2489 1595 2546 victoria
1623 2487 1849 2564 pinnis.

516 2589 641 2647 iam
666 2588 859 2668 pietas
888 2588 1050 2649 caelo
1075 2597 1259 2647 terras
1283 2590 1593 2668 prospexit
1618 2588 1690 2647 ab
1718 2588 1862 2647 alto.

515 2692 743 2749 iustitia
771 2693 1085 2751 comitante
1111 2691 1293 2750 simul
1320 2687 1632 2749 concordia
1654 2687 1950 2748 mundum

517 2794 674 2851 laeta
702 2793 912 2851 fovens
943 2791 1160 2868 reficit,
1203 2792 1458 2869 geminis
1485 2792 1767 2871 amplexa
1794 2789 2052 2851 lacertIs·

517 2892 628 2953 has
661 2897 815 2952 inter
844 2893 1079 2953 medius
1112 2895 1260 2952 solio
1295 2893 1565 2953 sublimis
1594 2894 1668 2951 ab
1701 2895 1842 2970 alto,

401 2995 475 3061 15
514 2997 875 3071 Iustiniane,
914 2998 1064 3070 tuis,
1108 2996 1415 3075 princeps,
1459 3016 1702 3075 assurge
1735 2992 2074 3076 triumphis,

514 3101 708 3159 laetus
734 3108 794 3157 et
814 3098 1080 3156 infractis
1104 3097 1293 3158 victor
1316 3095 1392 3155 da
1416 3099 1549 3157 iura
1575 3100 1876 3178 tyrannis:

513 3203 721 3261 inclita
746 3219 891 3259 nam
922 3209 1161 3258 cunctos
1193 3200 1424 3258 calcant
1452 3201 1704 3280 vestigia
1734 3220 1928 3279 reges,

515 3305 790 3385 laetaque
822 3307 1088 3363 Romano
1118 3303 1301 3361 servit
1329 3301 1453 3359 iam
1478 3321 1741 3382 purpura
1772 3323 1978 3383 regno,

517 3408 626 3466 sub
651 3404 1021 3488 pedibusque
1049 3407 1167 3465 tuis
1192 3406 1383 3465 victus
1405 3407 1797 3484 prosternitur
1821 3404 2032 3483 hostis,
2103 3410 2111 3417 ”

397 3511 478 3573 20
518 3518 576 3566 et
605 3519 812 3587 gentes
838 3509 967 3567 fera
995 3509 1191 3567 vincla
1221 3508 1444 3586 ligant,
1485 3506 1763 3589 nodoque
1792 3510 1988 3567 tenaci

517 3621 651 3689 post
676 3622 912 3690 tergum
938 3612 1257 3690 implicitas
1280 3612 1576 3689 stringunt
1598 3611 1920 3671 retinacula
1940 3609 2193 3690 palmas·

516 3732 692 3773 saeva
721 3714 1108 3793 superpositis
1137 3713 1476 3792 plectuntur
1496 3714 1650 3773 colla
1673 3712 1916 3772 catenis.

511 3936 734 3998 oraque
766 3936 876 3996 per
899 3926 1137 3976 centum
1160 3914 1488 3998 producant
1509 3927 1747 3997 pectora
1774 3925 1998 3992 cantus,

511 4036 634 4076 non
658 4015 814 4076 mihi
839 4019 1179 4081 sufficerent
1201 4038 1441 4098 sensus,
1483 4032 1609 4081 non
1639 4039 1815 4081 omne
1848 4017 2082 4079 canenti

348 4215 386 4269 2
428 4218 724 4289 stragesque
756 4220 915 4275 codex
947 4220 1226 4290 Budensis,
1276 4224 1478 4294 strages
1515 4222 1567 4275 Τ
1793 4222 1832 4281 3
1878 4220 2049 4292 libyae
2084 4219 2255 4275 clades
2288 4233 2349 4272 ac
2381 4172 2522 4272 Buds

350 4286 617 4408 {clispiac'm
641 4291 692 4344 Τ
730 4360 797 4415 17
828 4291 997 4416 'aa
1020 4291 1277 4418 {affecit'f
1496 4292 1565 4349 14
1597 4305 1662 4348 as
1688 4290 1738 4347 Τ
1960 4289 2197 4349 161ctus
2228 4287 2376 4345 etim
2410 4288 2522 4345 fra·-
