3210 5200
950 419 1062 484 DE
1110 418 1522 490 LAUDIBUS
1571 419 1903 487 rusum.
2362 419 2508 496 425

342 604 482 644 mus
510 582 777 663 Lipsius,
835 591 898 641 et
935 600 1047 662 ego
1074 593 1210 661 post
1236 584 1448 659 illum,
1502 585 1751 643 multa
1729 605 1798 642 ιιι
1832 593 2144 666 utramque
2172 597 2402 686 partem
2434 590 2515 649 ad

344 668 499 728 illud
528 666 841 727 claudian.
870 665 945 725 de
966 667 1131 726 laud.
1159 666 1474 727 Stilichon.
1502 672 1579 731 2.
1636 680 2009 749 gestatosque
2028 674 2212 749 patri
2250 674 2514 751 scapulis

341 752 726 812 radiantibus
749 772 928 811 enses.
1018 753 1158 811 licet
1184 754 1288 812 elii
1312 754 1523 812 malint
1549 755 1751 832 legere
1785 754 2058 833 capulis,
2102 769 2300 816 contra
2333 758 2514 819 fidem

344 858 441 899 ms
468 839 592 896 mei
619 848 679 896 et
696 839 909 899 Veneti
936 840 1351 918 antiquissimi.
1434 840 1716 899 Dtursr.

519 926 659 986 171.
745 923 1024 1001 extantes]
1067 924 1202 1001 lege
1230 933 1510 981 extasi-tes.
1598 925 1880 983 Deursr.

521 1009 661 1068 176.
744 1005 841 1064 hic
883 1026 1087 1067 versus
1133 1009 1291 1065 male
1332 1006 1610 1082 affectus,
1671 1010 1811 1066 licet
1852 1028 1932 1067 ex
1972 1009 2219 1087 Virgilio
2250 1013 2402 1069 Aen.
2432 1016 2510 1076 9·

351 1102 717 1168 consurgunt
753 1094 1027 1170 geminae
1054 1112 1327 1171 quercus,
1380 1094 1728 1172 imon-saque
1768 1094 1932 1151 caelo
1971 1094 2258 1152 attollunt
2287 1099 2516 1172 capita,

350 1186 410 1232 et
447 1173 693 1233 sublimi
732 1177 943 1234 vertice
979 1187 1215 1235 nutant.
1267 1178 1567 1237 Duum.-
1634 1180 1847 1235 vertice
1873 1178 2067 1237 sidera
2097 1179 2384 1259 pulsant]
2429 1183 2515 1239 sic

348 1257 637 1319 Boethius
676 1279 836 1339 pros.
867 1264 902 1323 1
953 1259 1027 1318 de
1067 1259 1447 1340 philosophia
1478 1264 1706 1343 inquit,
1763 1266 1976 1320 vertice
2003 1264 2218 1341 pulsat
2256 1265 2508 1323 caelum.

348 1354 594 1424 uterque
627 1347 954 1404 imitatione
981 1347 1210 1405 Horatii
1241 1348 1275 1408 1
1316 1348 1353 1408 1
1389 1349 1493 1410 36.
1576 1349 1763 1406 Bur.

518 1430 658 1492 177.
745 1440 801 1486 et
839 1429 1016 1487 laeva
1052 1431 1400 1510 dextraque]
1441 1433 1506 1489 in
1552 1451 1648 1490 ms
1691 1434 1774 1491 ita
1819 1451 2094 1510 perverse
2121 1433 2268 1491 fuit.
2313 1433 2521 1492 laeva-

348 1532 467 1592 que
502 1513 823 1593 dextraque
836 1536 863 1587 ;
926 1513 1432 1595 quemadmodum
1480 1516 1665 1575 altero
1706 1535 1882 1574 versu
1920 1517 2169 1576 inferius
2216 1517 2520 1589 terribilis,

350 1594 513 1677 quod
526 1617 642 1656 nos
671 1600 735 1656 in
764 1597 1048 1657 terribiles
1071 1602 1453 1658 mutavimus.
1497 1603 1680 1659 Rmz.
1769 1600 2059 1679 laevaque
2097 1603 2163 1658 in
2193 1621 2289 1661 ms
2315 1622 2422 1660 suo
2453 1622 2520 1661 se

349 1681 568 1759 legisse
591 1691 838 1742 testatur
856 1685 1120 1743 Ruizius.
1207 1704 1311 1742 cur
1338 1687 1519 1763 igitur
1542 1687 1795 1743 mutavit
1820 1696 1876 1742 et
1901 1684 2120 1742 laeva?
2203 1688 2375 1765 quia,
2420 1689 2518 1744 in„

352 1768 520 1846 quit,
563 1786 836 1844 perverse
877 1770 965 1825 ita
984 1770 1140 1848 suit.
1235 1788 1335 1827 cor
1370 1767 1730 1828 Aristarchi!
1787 1788 1864 1826 an
1905 1789 2028 1827 ιιοιι
2064 1771 2255 1838 multa
2299 1772 2520 1830 similia

351 1849 515 1929 apud
540 1855 884 1931 praecipuos
909 1860 1219 1932 poetarum
1246 1851 1515 1930 legerat?
1557 1856 1745 1912 Rrr‘r.
1827 1854 1891 1910 in
1919 1873 2013 1911 ms
2051 1853 2342 1934 laevaque
2375 1856 2518 1913 dex-

351 1945 586 2014 traque,
642 1956 823 2017 quam
859 1939 1278 2016 elegantiorem
1304 1938 1620 1996 lectionem
1642 1939 1860 1995 frustra
1889 1938 2228 1997 sollicitavit
2252 1940 2513 2016 Ruizius‚

349 2028 411 2077 et
437 2021 566 2098 ipse
595 2024 911 2082 oscitanter
935 2025 1238 2082 restituere
1266 2023 1657 2100 praetermisi.
1741 2022 1939 2080 Foco.

521 2107 662 2168 179.
747 2108 914 2166 locus
940 2105 1057 2181 hic,
1101 2110 1293 2166 ausim
1316 2108 1529 2209 iurare,
1575 2116 1880 2184 corruptus
1905 2116 1993 2164 est
2027 2116 2086 2162 et
2106 2108 2514 2185 transpositus.

352 2207 464 2265 ego
494 2198 695 2248 tamen
720 2190 951 2249 mederi
973 2211 1094 2250 non
1122 2211 1402 2271 possum,
1461 2193 1580 2252 nisi
1625 2189 1705 2249 ad
1745 2191 1969 2249 arboris
1999 2191 2322 2251 referamus
2350 2203 2516 2252 aeta-.-

346 2277 859 2335 tem.1)surs·r.

525 2362 667 2424 186.
751 2357 1089 2416 mslioribus
1115 2358 1668 2436 praestantioribus,
1721 2365 1846 2433 τοῖς
1883 2359 2188 2440 κρείττοσι.
2271 2361 2518 2436 elegan-

354 2443 583 2501 tissime
606 2444 795 2502 solem
821 2444 964 2501 facit
991 2462 1195 2522 regem
1222 2453 1543 2517 astrorum,
1602 2444 1708 2524 qui
1744 2447 1944 2503 omnia
1983 2445 2100 2502 alia
2144 2453 2300 2502 astra
2340 2444 2519 2503 simul

355 2537 417 2585 et
447 2527 718 2587 obscuret
750 2540 812 2588 et
835 2538 1041 2609 pascat
1062 2548 1169 2587 sua
1196 2529 1622 2589 luce.R1·r·1'.

527 2615 667 2678 196.
753 2614 1038 2693 cymbium
1057 2616 1078 2693 ]
1163 2616 1312 2672 Acta
1358 2611 1729 2694 apocrypha,
1791 2610 1898 2672 sed
1927 2616 2202 2694 antiqua,
2267 2614 2333 2672 S.
2361 2614 2522 2672 Tor-

348 2700 511 2777 ⁴petis
556 2701 709 2756 inter
747 2702 893 2757 Acta
936 2699 1044 2757 SS.
1081 2708 1128 2756 t.
1169 2698 1211 2761 4
1241 2701 1386 2756 Maii
1418 2718 1482 2777 p.
1514 2703 1590 2760 9.
1661 2710 1804 2755 tune
1834 2699 2180 2773 aedificavit
2217 2698 2525 2758 ecclesiam

357 2785 544 2839 mirae
587 2782 1047 2863 magnitudinis,
1095 2782 1437 2861 fundatam
1478 2782 1760 2840 cancellis
1802 2794 1858 2840 et
1904 2784 2127 2861 cymbia
2174 2803 2352 2840 aureo
2374 2783 2524 2861 sul-

348 2877 610 2945 gentem.
719 2871 923 2949 itaque
972 2868 1238 2947 cymbius
1284 2878 1374 2927 est
1411 2869 1616 2926 fornix
1661 2867 1908 2947 cymbae
1951 2868 2207 2928 formam
2239 2868 2523 2929 referens.

351 2953 552 3013 Foco.
1010 2967 1023 2978 ·
2493 2990 2502 2999 -

521 3041 667 3101 202.
753 3036 1073 3096 Victoriam
1114 3033 1516 3115 depingebant
1547 3038 1797 3115 virginis
1830 3037 2020 3095 alatae
2050 3034 2260 3095 habitu
2281 3081 2299 3112 ,
2343 3056 2526 3117 quare

354 3122 433 3181 ab
460 3123 706 3180 Horatio
739 3123 774 3183 1
812 3141 907 3200 ep.
941 3124 1020 3184 18
1048 3131 1106 3179 et
1135 3121 1459 3181 Claudiano
1491 3125 1531 3186 8
1558 3124 1788 3182 consul.
1819 3125 2071 3181 Honor-ii
2098 3122 2264 3179 velox
2291 3120 2530 3181 dicitur.

354 3206 734 3286 Lampridius
760 3207 1018 3266 Severot
1069 3217 1247 3284 pater
1288 3206 1491 3265 eadem
1530 3219 1698 3265 noete
1739 3210 1804 3264 in
1853 3209 2072 3266 somnis
2111 3207 2265 3266 vidit
2301 3205 2422 3264 alis
2464 3227 2529 3264 ss

357 3292 672 3349 Romanae
711 3292 1030 3360 Victoriae,
1086 3310 1241 3369 quae
1278 3302 1363 3349 est
1391 3295 1457 3347 in
1484 3303 1721 3362 senatu,
1773 3291 1862 3349 ad
1882 3291 2115 3350 eaelum
2140 3291 2294 3351 vehi.
2381 3291 2528 3349 Tri-

358 3378 575 3435 matius
602 3378 674 3434 ab
702 3378 941 3453 Hygino
972 3372 1362 3453 reprehensus
1391 3374 1552 3454 quod
1578 3376 1687 3433 lib.
1718 3381 1760 3439 2
1786 3374 2024 3449 Iliados,
2067 3386 2134 3434 ut
2168 3378 2349 3435 refert
2379 3376 2527 3434 Gels-

352 3460 481 3517 lius
507 3462 546 3522 6
579 3466 639 3536 6,
685 3458 968 3518 din'sset:
1010 3461 1157 3518 dum
1194 3458 1300 3516 dat
1340 3461 1601 3518 vincenti
1630 3478 1885 3536 praepes
1922 3462 2186 3518 Victoria
2217 3460 2520 3538 palmam.

361 3562 444 3602 ex
483 3563 598 3624 quo
635 3549 859 3604 Auson.
885 3540 1064 3623 ldyll.
1101 3546 1174 3606 8.
1221 3543 1334 3601 hoc
1375 3542 1529 3601 mihi
1555 3542 1941 3620 praepetibus
1985 3545 2250 3603 Victoria
2295 3544 2528 3601 nuntiet

359 3628 500 3687 alis.
588 3628 667 3687 ad
699 3629 1059 3687 celeritatem
1087 3638 1406 3686 eventuum
1445 3625 1893 3705 significandam
1918 3629 2055 3686 talis
2081 3631 2137 3686 ei
2159 3631 2386 3706 pictura
2413 3626 2524 3686 ad·-

360 3715 616 3792 scripta;
673 3723 732 3772 et
773 3716 859 3772 sic
897 3715 962 3772 in
1003 3714 1162 3771 curia
1196 3713 1387 3771 stabat
1413 3715 1669 3787 Romae,
1725 3722 1791 3769 ut
1817 3732 1897 3770 ex
1922 3713 2206 3771 relatione
2241 3714 2527 3791 Q.Sy1u-

359 3795 559 3859 machi
587 3798 890 3859 discimus.
975 3799 1061 3857 sic
1089 3800 1152 3855 in
1177 3796 1420 3856 aedibus
1449 3798 1733 3876 privatis·
1715 3838 1731 3855 .
1766 3795 1926 3857 disco
1950 3817 2028 3855 ex
2050 3800 2305 3876 Apuleio
2327 3799 2524 3857 Miles.

340 3887 441 3945 “22
482 3887 641 3942 atria
670 3885 846 3963 longe
868 3882 1300 3961 pulcherrima,
1341 3882 1633 3940 columnis
1655 3883 2097 3962 quadrifariam
2116 3904 2229 3960 per
2257 3883 2528 3961 singulos

361 3968 621 4046 angulos
651 3968 971 4038 stantibus,
1005 3966 1355 4025 attollebant
1375 3979 1609 4025 statuas
1621 3967 1924 4045 palmaris
1953 3967 2115 4026 deae.
2144 3970 2348 4048 facies
2376 3987 2532 4049 qua-

356 4068 489 4129 qua
512 4054 725 4130 pinnis
754 4053 1044 4130 explicitis
1084 4053 1213 4110 sine
1245 4073 1457 4131 gressu
1486 4052 1660 4130 pilae
1688 4051 1993 4122 volubilis,
2053 4053 2330 4111 instabile
2354 4053 2533 4111 vesti-

358 4137 536 4213 gium
562 4136 797 4214 plantis
838 4138 1083 4195 roscidis
1122 4138 1466 4208 devitantes,
1524 4158 1632 4194 nee
1672 4148 1744 4195 ut
1773 4148 2055 4195 maneant
2088 4137 2421 4207 inhaerent,
2477 4145 2536 4193 et

348 4221 491 4277 ἰἀιιι
513 4220 712 4277 νοὰινε
738 4223 1074 4281 creduntur.
1124 4240 1271 4301 quas
1299 4222 1403 4280 ille
1431 4223 1646 4301 pinnas
1674 4223 2007 4300 explicitas,
2052 4222 2298 4281 Ovidius
2329 4223 2534 4279 Amor.

362 4308 405 4368 3
439 4308 480 4368 2
520 4322 751 4383 sparsas
792 4316 996 4364 vocat:
1057 4308 1263 4383 prima
1304 4306 1431 4363 loco
1460 4307 1673 4385 serua·
1711 4308 1934 4383 sparsis
1988 4309 2253 4366 Wctoria
2292 4307 2531 4384 pennis.

355 4387 527 4469 apud
556 4395 762 4470 poetas
796 4387 1012 4472 dicitur
1042 4390 1239 4452 dubiis
1276 4392 1488 4472 pennis
1523 4392 1680 4452 inter
1713 4401 2021 4475 utramque
2059 4398 2289 4472 partem
2317 4391 2537 4453 volare.
