3210 5200
1029 284 1143 351 DE
1187 282 1605 353 LAUDIBUS
1653 274 1988 355 tusum.
2446 287 2593 361 389

411 447 796 508 Maximiani:
840 447 1080 509 trabeae
1126 458 1352 507 vestrae
1385 461 1443 508 et
1465 450 1682 530 fasces
1705 450 2045 510 consulares
2072 460 2127 508 et
2144 450 2328 508 sellae
2356 452 2594 515 curules

412 546 467 592 et
503 534 650 592 haec
688 532 1103 612 obsequiorum
1142 535 1382 611 ampetio
1411 545 1467 592 et
1486 536 1715 615 fulgor
1756 548 1814 594 et
1837 536 1949 593 illa
1981 535 2088 593 lux
2111 535 2384 593 divinum
2408 540 2591 595 verti-

409 640 534 676 cem
565 617 727 677 claro
756 616 894 676 orbe
916 618 1305 696 complectens
1330 631 1656 678 vestrorum
1685 632 1825 678 sunt
1847 631 2195 678 ornamenta
2225 623 2582 679 meritorum.

410 706 514 784 qui
549 702 625 761 de
654 700 994 774 diademate
1028 714 1325 782 gemmato
1355 706 1642 784 loquitur.
1714 707 1799 763 sic
1830 703 1906 763 de
1933 702 2138 763 divino
2171 696 2435 784 quodam
2460 706 2589 763 ful-

408 808 551 867 gore
581 789 825 845 Henrici
850 786 890 851 4
925 791 1296 868 imperatoris
1315 834 1332 864 ‚
1399 790 1505 870 qui
1550 789 1779 847 bellum
1810 791 1937 848 eius
1967 790 2336 849 Saxonicum
2362 787 2585 847 descri-

326 888 330 892 ·
407 875 527 953 psit
543 916 559 946 ,
615 884 822 931 auctor
844 875 1102 932 incertus
1129 874 1280 933 libro
1309 878 1381 937 8:
1437 894 1538 931 rex
1579 884 1827 932 cunctas
1862 874 2024 931 acies
2056 873 2341 931 excellens
2376 876 2589 932 verez’ce

409 956 562 1015 celeo
602 957 728 1014 alto
755 957 966 1036 firtur
1005 979 1179 1038 equo,
1235 959 1441 1016 mech'is
1474 962 1539 1016 in
1571 957 1817 1016 malibus
1847 968 2103 1016 exstans.
2161 1004 2164 1009 .
2193 978 2367 1015 arma
2396 960 2590 1016 nitent

407 1053 655 1112 emta,
714 1041 1034 1100 nitentibus
1074 1043 1287 1101 addita
1317 1041 1613 1101 membris.
1703 1045 1919 1103 emicat
1956 1064 1987 1100 e
2020 1042 2274 1111 cunctis,
2330 1043 2589 1101 rutilam

407 1138 476 1185 ut
499 1126 778 1205 Lucifer,
817 1129 1016 1185 astris.
1105 1149 1281 1201 suam
1322 1139 1521 1186 autem
1548 1130 1748 1186 lucem
1783 1127 1969 1202 dixit,
2035 1147 2113 1185 ne
2145 1126 2583 1185 confundantur

406 1232 544 1270 cum
573 1212 771 1270 solari.
858 1214 943 1271 sic
983 1213 1140 1270 infra
1172 1233 1232 1271 v.
1266 1214 1424 1278 885·
1487 1213 1695 1271 nullus
1724 1235 1839 1272 sua
1856 1212 2095 1292 gaudia
2124 1210 2334 1269 narbet.
2427 1231 2580 1292 quae

402 1297 677 1355 omnibus
723 1294 986 1377 quodam
1038 1299 1167 1356 eius
1222 1295 1342 1355 diei
1401 1298 1714 1378 privilegio
1764 1298 2141 1377 peculiariter
2192 1294 2575 1354 debebantur.

396 1383 647 1440 Βιιιιτιι.

566 1486 710 1547 800.
794 1482 1036 1559 signum
1078 1489 1316 1540 sanctae
1355 1483 1542 1540 crucis
1579 1482 1896 1560 intelligit,
1965 1499 2085 1561 quo
2133 1482 2368 1540 munire
2412 1482 2577 1541 velut

400 1587 532 1626 sese
551 1569 616 1624 in
642 1572 840 1625 aerem
849 1526 1007 1624 t'anate
1034 1584 1099 1623 se
1124 1565 1373 1642 figurato
1401 1577 1571 1626 vetus
1601 1568 1885 1626 ecclesiae
1912 1584 2044 1623 mos
2073 1576 2218 1624 eret.
2303 1565 2578 1625 Pruden-

399 1654 520 1710 tius
548 1649 818 1711 cathem.
858 1651 935 1713 5·
979 1651 1126 1730 sac,
1184 1670 1320 1707 cum
1360 1663 1605 1710 vocante
1651 1671 1854 1709 somno
1897 1660 2130 1707 caetum
2156 1654 2317 1727 petis
2358 1650 2579 1720 cubile,

380 1737 655 1815 frontem
677 1735 986 1815 locumque
1015 1734 1208 1794 cordis
1229 1737 1650 1819 crucisfigura
1681 1738 1893 1814 signet.
1982 1731 2343 1793 Athanasius
2374 1742 2576 1793 contra

397 1832 606 1900 gentes
634 1823 843 1879 initio·
885 1823 1050 1883 πᾶσα
1075 1814 1382 1901 δαιμόνων
1409 1821 1708 1900 φαντασία
1734 1822 1821 1906 τῷ
1847 1817 2073 1903 σημείῳ
2097 1813 2288 1905 τούτῳ
2316 1812 2573 1882 ἀπελαύ-

395 1928 579 1971 νεται.
658 1907 905 1967 Banu.

561 2026 706 2089 801.
789 2023 1072 2107 salutato]
1102 2023 1515 2101 turpissimum
1544 2018 1829 2080 adulandi
1857 2040 2065 2099 genus,
2092 2023 2391 2102 principes
2414 2024 2573 2082 viros

390 2130 457 2169 se
505 2107 583 2168 ad
615 2110 887 2187 plebeiae
926 2102 1327 2167 multitudinis
1355 2110 1802 2166 venerationem
1827 2104 2162 2178 dimittere3
2219 2118 2277 2164 et
2305 2109 2412 2164 vix
2445 2110 2571 2167 scio

390 2214 469 2252 an
492 2204 628 2251 ante
644 2197 942 2251 Neronem
970 2213 1005 2249 a
1028 2211 1328 2272 quoquam
1343 2194 1681 2271 principum
1699 2192 2072 2249 factitatum:
2116 2190 2169 2249 is
2195 2192 2571 2267 enimfhxus

386 2300 553 2358 genu
582 2277 818 2357 (Tacit.
837 2278 1055 2335 Annal.
1088 2279 1195 2355 16)
1238 2286 1294 2333 et
1326 2288 1551 2335 coelum
1577 2276 1755 2333 illum
1782 2296 1971 2333 marm
1994 2287 2306 2332 veneratus
2334 2287 2570 2333 senten-

391 2365 512 2421 tias
549 2360 958 2440 opperiebatur
975 2362 1130 2435 ficto
1155 2381 1403 2439 pavore.
1494 2359 1805 2419 claudian.
1839 2358 1915 2417 de
1943 2363 1982 2422 6
2025 2362 2184 2417 Hon-
2224 2361 2565 2420 consulatu.

388 2458 796 2529 quantamque
845 2446 1113 2524 rependit
1154 2449 1431 2503 maiestas
1476 2444 1711 2503 alterna
1761 2447 1976 2515 vicem,
2048 2466 2186 2502 cum
2219 2446 2388 2523 regia
2424 2448 2571 2503 circi

388 2552 717 2590 connexum
730 2530 1026 2612 gradibus
1057 2541 1370 2589 veneratur
1387 2550 1665 2611 purpura
1687 2529 1927 2609 vulgus.
2020 2526 2182 2611 quod
2209 2528 2454 2610 quidam
2479 2529 2563 2588 ibi

387 2638 472 2677 ex
494 2618 764 2677 Suetonii
785 2615 1034 2676 Claudio
1065 2636 1116 2674 c.
1147 2620 1224 2680 12
1256 2614 1468 2691 adfert,
1496 2615 1837 2693 spectacula
1863 2615 2095 2673 edentes
2119 2635 2257 2673 voce
2277 2636 2353 2673 ao
2375 2635 2564 2672 manu.

385 2713 700 2762 veneratus
724 2712 835 2774 est,
897 2700 976 2760 ad
1000 2702 1378 2779 magistratus
1395 2745 1414 2777 ,
1467 2719 1589 2759 non
1622 2697 1699 2757 ad
1723 2699 1964 2778 plebem
1992 2705 2249 2780 spectat,
2304 2697 2561 2781 ideoque

383 2790 548 2848 male
574 2808 645 2847 eo
671 2785 943 2846 trahitur.
1025 2788 1305 2846 Dua-sr-

550 2911 698 2972 303.
779 2906 1114 2987 pulvinaria
1138 2916 1424 2982 veterum,
1468 2915 1536 2965 ut
1553 2926 1712 2966 nunc
1743 2907 2070 2966 etiamnum
2096 2915 2318 2980 nostra,
2338 2904 2558 2984 plumis

381 2993 618 3067 avium,
672 2995 968 3072 tapetibus
994 2990 1252 3051 inductis
1274 3037 1292 3067 ‚
1338 3002 1507 3051 erant
1540 2991 1767 3052 effiilta.
1850 2992 2045 3051 altam
2086 2990 2165 3050 ad
2189 2993 2557 3049 maiestatem

379 3079 659 3157 pertinet.
746 3088 806 3136 et
825 3079 912 3137 sic
937 3079 1094 3136 infra
1122 3079 1355 3137 locutus
1383 3075 1423 3140 4
1456 3078 1598 3141 123.
1685 3080 1751 3136 in
1780 3076 2093 3136 altitudine
2118 3087 2319 3134 autem
2344 3075 2557 3132 talium

379 3164 669 3224 soliorum
693 3164 846 3221 mira
869 3174 1136 3222 monstra
1161 3163 1459 3220 faciebant
1485 3163 1717 3236 Graeci,
1760 3181 1908 3240 gens
1938 3159 2201 3221 colendis
2230 3161 2553 3238 imperato-

384 3246 545 3306 ribus
584 3248 708 3306 suis
744 3249 1115 3326 ineptissima
1152 3256 1213 3304 et
1255 3242 1622 3324 deponendis
1661 3247 1965 3304 levissima
2012 3255 2072 3305 et
2107 3242 2552 3304 crudelissima.

381 3350 500 3410 quo
544 3330 920 3390 referendum
958 3330 1112 3390 illud
1129 3374 1149 3406 ‚
1209 3328 1369 3411 quod
1403 3328 1806 3407 Luitprandus
1837 3330 2226 3389 Ticinensis
2207 3349 2274 3387 ιιι
2304 3326 2552 3387 historia

380 3416 693 3493 Eun-opaea
719 3415 1025 3491 describit,
1087 3435 1238 3496 quc,
1281 3415 1448 3472 nullo
1477 3410 1722 3471 homine
1748 3415 1875 3470 viso
1907 3415 2013 3493 qui
2039 3412 2323 3484 thronum
2348 3413 2552 3468 eleva-

378 3508 490 3574 ret,
512 3499 706 3558 subito
727 3502 1047 3579 imperator
1075 3520 1212 3559 cum
1236 3519 1342 3558 sua
1363 3498 1479 3557 sibi
1507 3498 1655 3556 sella
1679 3495 1757 3554 ed
1780 3514 1970 3575 usque
1998 3497 2271 3554 altissimi
2299 3498 2547 3575 laquea-

376 3585 458 3643 ris
499 3585 749 3642 confinia
789 3586 1052 3644 elevatus
1093 3583 1423 3643 videbatur.
1498 3581 1750 3660 plumea
1790 3591 1990 3639 autem
2028 3589 2295 3639 tomenta
2334 3589 2393 3638 et
2430 3580 2547 3638 alia

247 3713 254 3718 -
375 3690 448 3728 eo
472 3688 691 3748 genere
714 3670 977 3730 confecta
1001 3681 1123 3729 tam
1141 3669 1437 3728 veteribus
1466 3677 1634 3726 erant
1659 3666 2012 3746 frequentia,
2036 3676 2102 3723 ut
2104 3665 2545 3743 plumat-torum

371 3756 668 3832 peculiare
692 3774 912 3814 nomen
938 3758 1015 3816 sit
1042 3755 1349 3829 artificum,
1395 3755 1501 3833 qui
1526 3753 1837 3831 plumariis
1865 3751 2141 3830 operibm
2170 3747 2544 3816 conficiendis

379 3839 748 3899 victitabant·
732 3883 749 3916 ,
816 3839 891 3901 de
918 3842 1135 3923 quibus
1162 3861 1283 3899 non
1315 3841 1456 3898 satis
1480 3857 1588 3916 pro
1626 3858 1690 3896 re
1725 3833 2033 3895 commode
2054 3836 2280 3893 sentire
2310 3833 2544 3893 videtur

372 3924 650 3981 Nicolaus
672 3926 986 4003 Fullerius‚
1028 3928 1121 3985 vir
1148 3926 1366 3983 eximie
1394 3921 1623 3995 doctus,
1667 3923 1995 3980 Miscellan.
2028 3922 2056 3982 1
2097 3924 2198 3983 20.
2240 3939 2360 3979 nnn
2384 3919 2545 3976 enim

358 4015 502 4062 tam
533 4005 609 4063 ad
639 4007 949 4069 artificium
988 4013 1183 4070 solum
1224 4028 1406 4090 quam
1446 4020 1504 4067 et
1545 4005 1624 4065 ad
1656 4009 1969 4065 materiam
2007 4004 2251 4067 artificio
2277 4006 2537 4064 iunctam

373 4100 599 4167 spectat
624 4087 774 4149 haec
798 4097 1138 4173 appellatio.
1226 4093 1299 4152 de
1338 4093 1584 4152 artificio
1630 4090 1876 4172 quidem
1909 4089 2168 4149 Publius
2195 4091 2351 4148 clare
2381 4085 2539 4165 apud

367 4176 746 4233 Petronium.
791 4187 892 4235 tuo
917 4182 1131 4254 palato
1174 4179 1416 4238 clausus
1447 4199 1609 4256 pavo
1628 4178 1931 4255 pascitur,
1977 4175 2266 4254 pluma«)
2286 4175 2538 4230 attactus

367 4258 581 4317 aulaeo
622 4260 1018 4340 Babylonica.
1109 4262 1184 4323 de
1228 4265 1475 4324 materie
1518 4264 1747 4324 Seneca
1791 4262 1962 4341 epist.
1986 4264 2115 4326 91:-
2149 4262 2357 4317 am‘um
2386 4254 2539 4332 plu—
