3210 5200
727 1158 1573 1283 THOMAE
1711 1160 2916 1280 DEMPSTERI

1088 1378 2244 1466 A’MURESK
2387 1378 2560 1469 IC.

1407 1563 2237 1639 PRAEFATIO.

864 2036 1417 2106 NATALIBUS
1474 2034 2054 2103 cLAms‘smo
2113 2031 2794 2100 ADOLESCENTI

1100 2165 1177 2219 n»
1236 2164 1616 2222 GASPAR
1671 2163 1792 2219 DE
1846 2158 1967 2220 LA
2022 2161 2551 2218 'romanum

961 2307 1218 2373 Thomas
1260 2317 1652 2394 Dempsterus·
1690 2338 1733 2374 a
1775 2313 2027 2374 Meresk
2052 2306 2286 2371 *Scotue
2329 2312 2384 2370 I.
2440 2312 2491 2370 S
2503 2314 2568 2369 T.
2622 2314 2703 2370 P*

733 2471 975 2587 Multa
1034 2530 1203 2595 sunt,
1262 2512 1646 2579 Nobilissime
1698 2514 1971 2595 Iuvenis,
2033 2532 2187 2600 quae
2253 2514 2399 2577 citra
2453 2518 2643 2577 solem
2700 2514 2924 2571 lucent·

730 2616 1135 2703 lampyrides‚
1196 2638 1343 2703 quas
1391 2621 1635 2683 Tullius
1672 2616 1972 2681 nitedulas
2013 2633 2220 2698 vocat,
2282 2615 2344 2680 in
2388 2621 2646 2678 tenebris
2680 2610 2926 2695 igniculi

734 2724 1047 2784 videntur:
1098 2734 1159 2780 at
1202 2726 1307 2781 ubi
1330 2726 1557 2802 purior
1605 2718 1732 2783 dies
1773 2717 2014 2797 illuxit,
2064 2722 2298 2781 decedit
2345 2724 2574 2799 fulgor,
2629 2732 2687 2779 et
2725 2715 2927 2779 asciti-

705 2823 889 2908 vtium
939 2826 1324 2902 fucattmlque
1387 2816 1651 2881 nitorem
1695 2824 1823 2881 veri
1871 2817 2116 2882 luminis
2162 2817 2446 2902 perfectio
2501 2816 2758 2879 discutit.
2843 2816 2928 2878 ita

733 2927 886 2987 haec
928 2919 1362 3007 qualiacunque
1403 2921 1467 2980 iu
1510 2916 1866 3001 Corippum‚
1912 2920 2058 2979 dum
2083 2924 2331 2982 meliora
2362 2935 2770 3001 compareant,
2814 2940 2926 3002 pe-

735 3030 1002 3090 tentibus
1040 3027 1246 3084 amicis
1285 3023 1556 3082 emittere
1593 3016 1863 3099 decrevi,
1907 3027 2138 3084 utinam
2173 3019 2406 3084 meliori
2442 3020 2790 3084 eruditionis
2825 3045 2925 3083 so-

737 3128 898 3192 lidae
942 3131 1074 3187 face
1114 3129 1284 3186 brevi
1328 3125 1671 3184 obruenda:
1715 3145 1861 3183 nam
1890 3138 1962 3184 ut
1989 3127 2364 3207 Polygnotus
2391 3139 2503 3186 aut
2524 3128 2925 3208 Aglaophon,

737 3234 1039 3293 delineavi
1085 3240 1321 3288 tantum
1371 3227 1657 3307 dtffccilia
1712 3228 1914 3310 (Plin.
1959 3229 2040 3293 35
2087 3229 2193 3312 9).
2298 3226 2604 3296 Parrhasii.
2639 3241 2778 3290 sunt
2822 3242 2928 3289 aut

739 3336 981 3415 Apelles
999 3379 1014 3408 ,
1058 3352 1094 3389 a
1133 3325 1346 3411 quibus
1384 3350 1619 3389 summa
1655 3350 1870 3391 manus
1899 3327 2124 3412 sperari
2152 3331 2384 3392 debeat.
2472 3347 2695 3393 errores
2724 3332 2927 3392 detexi

740 3439 952 3498 aetatis
983 3449 1416 3513 operarumque
1442 3429 1707 3493 inscitias
1726 3480 1743 3510 ‚
1802 3437 2066 3494 veritatis
2097 3429 2204 3493 vix
2236 3437 2510 3494 umbram
2540 3446 2923 3510 consecutus3

739 3536 904 3621 quod
945 3554 1050 3595 cur
1085 3537 1319 3592 mireris
1335 3533 1366 3592 ’ἒ
1425 3553 1561 3592 cum
1601 3556 1638 3593 a
1674 3532 1917 3616 triginta
1949 3550 2103 3597 retro
2131 3535 2304 3597 annis
2330 3558 2509 3596 nemo
2534 3540 2835 3597 luculento
2865 3549 2924 3597 et

739 3637 1094 3721 dignissimo
1120 3633 1636 3696 lucubrationibus
1669 3647 1879 3717 poetae
1904 3661 2153 3698 manum
2183 3639 2500 3699 admovere
2528 3642 2592 3699 in
2618 3652 2706 3701 tot
2738 3640 2924 3701 doctis

740 3741 820 3803 sit
875 3761 1075 3800 ausus.
1161 3742 1392 3817 primus
1435 3740 1695 3800 Michael
1728 3743 1985 3800 'Ruizius
2022 3744 2338 3819 Assagrius
2380 3740 2582 3800 blattis
2632 3740 2926 3824 tineisque

742 3843 1188 3922 depugnantem
1230 3862 1262 3898 e
1305 3843 1550 3901 latebris
1593 3854 1653 3901 et
1693 3845 1813 3902 situ
1849 3837 2141 3915 extraxit,
2193 3853 2252 3899 et
2281 3836 2508 3900 lacunis
2535 3842 2711 3902 foede
2737 3847 2927 3904 inter-—

742 3947 1013 4026 polatum
1034 3990 1052 4019 ‚
1121 3956 1462 4023 corruptum
1484 3988 1501 4018 ‚
1570 3943 1790 4005 iniuria
1847 3946 2156 4005 vetustatis
2217 3963 2484 4001 arrosum
2536 3943 2927 4027 sordibusque

743 4049 1142 4130 squallentem
1175 4048 1239 4104 in
1273 4048 1471 4105 lucem
1505 4046 1707 4123 dedit3
1750 4068 1946 4129 neque
1980 4062 2060 4105 ex
2094 4048 2199 4104 illo
2231 4049 2541 4126 quisquam
2571 4048 2635 4104 in
2666 4052 2925 4128 Europa,

747 4148 912 4232 quod
952 4151 1137 4208 sciam
1155 4193 1172 4224 ‚
1214 4151 1404 4208 ullam
1445 4151 1628 4207 aliam
1661 4152 2071 4208 membranam
2104 4147 2286 4222 vidit,
2330 4161 2397 4207 ut
2423 4150 2602 4229 plane
2627 4170 2734 4228 pro
2767 4151 2926 4207 affli-

747 4265 843 4312 cto
898 4273 968 4310 ac
1027 4272 1181 4331 pene
1242 4254 1605 4310 conclamato
1649 4251 1713 4306 in
1756 4251 1898 4308 fano
1940 4251 2281 4331 Aesculapii
2319 4252 2397 4311 sit
2435 4249 2925 4331 pernoctandum,

746 4373 867 4438 quo
906 4353 1153 4415 tandem
1202 4355 1439 4413 sanitati
1484 4353 1753 4413 restituto
1798 4371 1921 4413 non
1961 4372 2118 4413 unus
2160 4352 2474 4414 deberetur
2517 4356 2712 4433 gallus
2730 4399 2747 4429 ,
2803 4373 2927 4411 non
