3210 5200
642 1069 1110 1181 PETRI
1209 1062 2057 1176 FRANGISGI
2154 1065 2828 1176 FOGGINI

1274 1286 2210 1381 PRAEFATIQ

1553 1556 1969 1567 -———————-

652 1769 968 1880 Mchael
1003 1804 1249 1867 Ruizius
1283 1804 1599 1884 Assagrius
1641 1802 1972 1861 celtiberus
2015 1802 2288 1862 omnium
2316 1804 2544 1882 primus
2574 1808 2834 1864 Antver-

652 1914 790 1991 piae
821 1912 983 1989 typis
1012 1904 1422 1986 Christophori
1450 1907 1715 1964 Plautini
1744 1907 1809 1963 in
1834 1906 2036 1964 lucem
2061 1906 2258 1963 emisit
2287 1926 2443 1964 anno
2475 1906 2632 1969 1581
2651 1951 2669 1981 ‚
2723 1906 2836 1965 de·

655 2010 996 2092 dicavitque
1036 2011 1413 2073 serenissimo
1454 2010 1708 2087 principi
1736 2009 1980 2066 Alberto
2010 2006 2075 2065 S.
2106 2009 2179 2066 R.
2207 2009 2281 2065 E.
2313 2009 2656 2088 presbytero
2689 2011 2838 2068 Car-

660 2111 881 2188 dinan,
939 2110 1242 2176 archiduci
1281 2114 1557 2171 Austriae
1572 2156 1590 2185 ‚
1652 2112 1892 2188 Corippi
1941 2110 2210 2172 Africani
2254 2111 2640 2169 Gramatici
2679 2113 2839 2170 Ra-

652 2226 969 2295 gmenium
998 2216 1288 2279 carminis
1310 2215 1379 2275 in
1403 2213 1647 2275 laudem
1673 2214 1819 2290 imp.
1853 2212 2075 2274 Iustini
2104 2214 2403 2287 Minoris-5
2446 2234 2684 2272 carmen
2713 2236 2842 2293 pa·—

659 2319 1006 2397 negyricum
1027 2319 1096 2379 in
1121 2315 1368 2378 laudem
1393 2315 1719 2377 Anastasia·
1736 2319 2060 2394 quaestoris
2098 2326 2156 2377 et
2188 2317 2467 2394 magi-etri
2475 2339 2502 2388 ‚·
2557 2328 2616 2374 et
2655 2318 2840 2377 libros

661 2430 942 2501 quattuor
976 2420 1051 2481 de
1088 2418 1373 2481 laudibus
1403 2419 1628 2479 luscini
1653 2417 1830 2496 Aug.
1861 2418 2160 2489 Minoris,
2203 2437 2283 2476 ex
2316 2437 2411 2477 ms
2451 2417 2580 2477 cod.
2601 2464 2618 2496 ‚
2658 2440 2840 2500 quem

657 2521 1023 2587 confidenter
1050 2519 1273 2581 adserit
1288 2565 1305 2598 ‚
1357 2542 1481 2584 non
1510 2542 1580 2584 ex
1600 2522 1953 2582 coniecturis
1975 2519 2085 2578 sed
2104 2521 2318 2595 exsule
2344 2524 2669 2581 certissima
2695 2545 2840 2582 con-

656 2634 815 2683 stare
826 2667 853 2697 ,
880 2627 1082 2704 suslsse
1110 2635 1251 2688 ante
1282 2627 1681 2704 septingentos
1715 2635 1770 2680 et
1797 2624 2067 2703 amplius
2091 2644 2282 2682 annos
2312 2625 2690 2703 descriptum.
2779 2636 2842 2685 at

656 2745 801 2792 vero
844 2745 963 2806 quo
1004 2727 1136 2789 loco
1183 2745 1324 2790 eum
1362 2725 1632 2783 codicem
1664 2728 1945 2802 repererit
1977 2727 2097 2786 alto
2131 2728 2346 2803 pressit
2376 2727 2644 2802 silentio,
2687 2748 2841 2807 quae

656 2829 853 2906 prima
894 2827 1044 2884 mali
1083 2828 1284 2886 labes:
1326 2847 1464 2892 cum
1499 2828 1662 2888 enim
1699 2825 1902 2887 nullus
1931 2825 2083 2886 alius
2109 2828 2388 2887 inventus
2416 2830 2495 2886 sit
2515 2848 2704 2910 usque
2728 2829 2844 2887 ad·-

658 2927 781 2987 huc
824 2926 974 2987 haec
1013 2925 1228 2986 eadem
1267 2929 1527 2984 camnine
1572 2923 1866 2984 exhibens
1920 2946 2012 2984 ms
2064 2924 2284 3003 codex,
2348 2948 2609 3009 quocum
2645 2934 2844 2991 Ruizii

664 3029 993 3095 editionem
1018 3030 1283 3088 conferre
1306 3030 1440 3108 quis
1466 3032 1759 3105 potuerit,
1805 3048 2003 3109 neque
2036 3026 2207 3087 datus
2237 3029 2482 3110 quidem
2515 3035 2594 3090 sit
2628 3038 2841 3115 cuique

660 3132 830 3192 locus
875 3131 1136 3196 eundem
1173 3132 1388 3192 saltem
1427 3128 1721 3205 codicem,
1781 3150 1901 3210 quo
1943 3131 2048 3192 me
2090 3152 2233 3190 usus
2272 3133 2420 3206 fuit,
2472 3134 2840 3211 recensendi,

661 3231 808 3300 hino
846 3236 1073 3296 factum
1114 3245 1204 3293 est
1242 3244 1309 3291 ut
1341 3232 1601 3311 eleganti
1632 3252 1776 3290 sane
1802 3239 2014 3311 poetae
2039 3253 2337 3314 nusquam
2373 3240 2614 3298 omniuo
2650 3249 2842 3296 certa-

666 3356 784 3420 que
815 3335 930 3394 fide
960 3338 1196 3395 licuerit
1222 3338 1626 3414 integritatem
1642 3326 2044 3416 ,decoremque
2070 3357 2250 3396 suum
2275 3341 2577 3400 restituere
2603 3385 2619 3414 ‚
2659 3361 2843 3420 quem

661 3443 885 3524 partim
920 3441 977 3504 ei
1013 3449 1277 3504 veterem
1317 3437 1648 3497 detraxisse
1685 3439 1995 3497 librarium
2030 3458 2153 3497 non
2194 3441 2391 3499 abnuo
2408 3485 2425 3515 ,
2476 3440 2586 3501 sed
2625 3445 2844 3521 partim

666 3538 996 3601 detraxisse
1034 3545 1217 3608 etiam
1240 3538 1478 3604 videtur
1504 3543 1636 3618 ipse
1663 3542 1905 3600 Ruizius
1921 3584 1938 3617 ‚
1978 3539 2140 3621 quod
2169 3544 2603 3603 exsolesoentes
2627 3548 2844 3604 veteris

667 3642 887 3703 codicis
914 3647 1142 3706 litteras
1166 3665 1291 3705 non
1313 3645 1467 3706 bene
1497 3645 1846 3723 perceperit.
1929 3645 2132 3723 itaque
2175 3656 2309 3723 post
2339 3647 2616 3708 Ruizium
2642 3647 2843 3725 plures

666 3748 772 3808 alii
829 3745 988 3805 docti
1038 3750 1153 3810 viri
1200 3744 1500 3805 medicam
1540 3766 1791 3808 manum
1828 3747 2080 3824 Corippo
2130 3741 2425 3824 apponere
2471 3744 2844 3819 studuerunt,

666 3847 777 3909 sed
805 3851 1153 3912 coniecturis
1191 3851 1442 3929 quisque
1471 3845 1794 3926 indulgens
1821 3850 1964 3906 suis.
2050 3849 2206 3905 inter
2225 3845 2336 3906 hos
2355 3851 2583 3925 primus
2611 3851 2676 3905 in
2710 3867 2846 3904 me-

668 3950 836 4010 dium
871 3954 1037 4013 venit
1081 3949 1353 4014 Thomas
1397 3953 1819 4030 Dempsterus‚
1869 3952 1975 4031 qui
2001 3946 2323 4028 Cot-ippum
2352 3960 2412 4007 et
2442 3968 2579 4007 suae
2615 3953 2676 4007 iu
2706 3970 2848 4007 eum

666 4055 1034 4119 coniecturas
1070 4065 1127 4112 et
1166 4056 1656 4118 commentarium
1698 4073 1835 4110 oum
1865 4050 2360 4131 castigationibus
2385 4049 2575 4111 edidit
2601 4052 2848 4109 Parisiis

665 4177 724 4219 a·
759 4161 941 4222 1610.
1026 4177 1236 4218 verum
1265 4155 1417 4215 haec
1446 4174 1683 4237 quoque
1716 4152 1898 4215 editio
1934 4155 2138 4215 multis
2161 4155 2322 4216 male
2352 4153 2685 4211 mulcatum
2713 4155 2847 4231 pla-

666 4261 760 4340 gis
800 4262 1123 4346 Corippum
1158 4258 1437 4337 exhibet,
1480 4267 1905 4340 praetereaque
1940 4256 2270 4317 innumeris
2300 4257 2538 4338 oppleta
2569 4265 2659 4316 est
2685 4275 2845 4314 erro-
