3210 5200
674 412 720 459 x
1564 390 2005 458 NIEBmfflII

677 558 971 615 invenerit
992 554 1070 614 ad
1091 559 1497 636 integritatem
1522 559 1812 632 restituat,
1842 556 1918 615 de
1938 558 2240 636 scriptore,
2267 561 2435 618 cuius
2461 560 2624 618 salus
2647 562 2874 621 tuenda

680 658 965 717 divinitus
992 661 1111 737 ipsi
1137 661 1444 739 obtigerit,
1484 661 1638 719 bene
1663 663 1882 719 mereri
1911 679 2157 718 censeo:
2193 659 2310 720 hoc
2331 664 2514 719 etiam
2542 659 2730 737 addo,
2771 685 2872 722 me

680 763 951 820 arbitrari
994 782 1126 821 esse
1171 762 1498 821 admodum
1538 783 1731 841 pauca
1777 766 1842 820 in
1877 760 1992 821 hoc
2028 782 2285 842 genere,
2334 784 2488 844 quae
2517 766 2742 842 ingenii
2778 769 2870 825 vis

679 884 818 922 cum
845 863 1109 922 doctrina
1142 876 1201 923 et
1228 885 1422 944 gnava
1451 864 1744 924 industria
1771 868 2084 923 coniuncta
2114 868 2353 945 assequi
2384 878 2659 946 nequeat.
2744 870 2868 925 iam

678 987 819 1025 vero
846 965 963 1026 hoc
988 969 1073 1026 ita
1104 965 1234 1025 dico
1263 978 1332 1024 ut
1354 988 1453 1025 me
1482 971 1685 1047 ipsum
1724 968 2150 1042 condemnem,
2201 970 2424 1047 quippe
2456 973 2559 1048 qui
2595 990 2867 1048 praeser-

674 1071 787 1128 tim
811 1072 1155 1148 panegyrici
1178 1071 1612 1148 praefationem
1636 1081 1726 1130 tot
1750 1071 2094 1129 vulneribus
2129 1071 2463 1129 confossam
2494 1073 2865 1151 reliquerim:

673 1173 740 1229 in
771 1192 842 1231 eo
875 1184 1110 1231 tantum
1141 1171 1369 1253 aliquid
1399 1170 1594 1232 laudis
1637 1172 1790 1232 mihi
1829 1175 2025 1235 tribuo,
2054 1171 2219 1254 quod
2248 1172 2402 1230 nihil
2431 1176 2602 1251 posui
2637 1172 2710 1230 de
2747 1194 2869 1253 quo

673 1275 872 1355 aliquo
902 1274 1081 1334 modo
1110 1273 1450 1333 addubitari
1473 1294 1650 1354 posse
1680 1273 2001 1336 videretur.
2086 1280 2318 1335 utinam
2345 1279 2634 1334 acutiores
2663 1275 2869 1334 erudi-

671 1380 969 1460 tioresque
1008 1382 1074 1436 in
1116 1385 1292 1456 poeta
1337 1397 1461 1435 non
1500 1378 1662 1435 malo
1703 1377 1971 1437 sanando
2004 1389 2192 1436 artem
2223 1381 2652 1462 ingeniumque
2690 1399 2867 1438 exer-

672 1500 807 1538 cere
838 1499 965 1539 non
1000 1478 1429 1558 dedignentur!

838 1583 1048 1639 Restat
1068 1592 1135 1639 ut
1160 1583 1367 1660 paucis
1397 1579 1472 1637 de
1501 1577 1706 1637 codice
1735 1576 1932 1637 dicam
1956 1580 2035 1639 ad
2063 1603 2245 1663 quem
2274 1582 2710 1642 conficiendum
2732 1586 2865 1641 Me-

673 1681 954 1743 robaudis
982 1684 1267 1765 reliquiae
1297 1680 1599 1739 adhibitae
1628 1681 1890 1738 fuerunt.
1976 1684 2029 1739 is
2058 1703 2308 1742 numero
2338 1689 2462 1749 908
2487 1685 2864 1765 designatur3

669 1786 909 1845 saeculo
952 1804 1112 1843 nono
1160 1788 1413 1863 scriptus
1443 1784 1894 1843 vocabularium
1920 1787 2218 1859 continet,
2269 1785 2567 1843 ineditum
2598 1785 2865 1865 quidem,

668 1885 780 1946 sed
818 1889 1056 1945 minimi
1095 1890 1308 1965 pretii3
1353 1889 1495 1944 satis
1539 1888 1797 1964 spissus,
1833 1896 2068 1964 praeter
2112 1905 2302 1965 panca
2349 1887 2526 1959 folia,
2572 1897 2866 1962 totuspe-

675 1993 926 2070 scriptus
968 1985 1092 2065 est,
1137 1988 1420 2048 adhibitis
1453 1987 1992 2046 diversissimorum
2015 1988 2304 2046 librorum
2334 1987 2623 2068 partibus.
2706 1989 2870 2044 inter

672 2090 817 2168 has,
863 2112 999 2150 cum
1029 2095 1102 2151 iis
1131 2113 1284 2174 quae
1313 2090 1413 2149 hic
1449 2089 1561 2149 edo
1581 2135 1598 2165 ,
1640 2092 1818 2148 facile
1861 2094 2128 2148 eminent
2155 2091 2302 2148 folia
2332 2111 2485 2172 quae
2519 2091 2866 2168 antiquissi—

428 2220 482 2272 p.
516 2200 645 2255 XIII
679 2215 814 2255 mae
858 2196 1134 2273 liturgiae
1180 2204 1378 2273 partes
1419 2191 1741 2268 exhibent3
1805 2192 1881 2251 de
1927 2214 2180 2278 quarum
2219 2192 2480 2251 editione
2499 2237 2516 2266 ,
2571 2202 2866 2273 quatenus

671 2301 795 2379 legi
825 2310 1132 2379 poterunt,
1176 2298 1410 2355 exorari
1440 2316 1505 2354 se
1535 2315 1853 2374 passurum
1897 2315 2026 2355 esse
2053 2299 2313 2355 Arxium
2343 2293 2596 2360 confido.
2682 2313 2864 2353 nemo

672 2414 904 2478 autem,
946 2399 1154 2475 credo,
1199 2396 1594 2477 reprehendet
1624 2396 1787 2479 quod
1809 2418 2001 2476 nugas
2025 2402 2353 2478 spreverim
2382 2418 2535 2479 quae
2560 2416 2680 2454 non
2705 2415 2865 2474 pau-

671 2525 771 2565 cas
834 2507 1086 2585 paginas
1141 2503 1429 2581 implent,
1494 2499 1569 2559 de
1625 2499 1989 2559 divinatione
2034 2522 2116 2560 ex
2157 2503 2438 2574 somniis,
2493 2510 2562 2557 nt
2604 2496 2862 2557 videtur.

664 2618 944 2691 quattuor
982 2609 1131 2665 folia
1171 2626 1310 2664 cum
1352 2604 1607 2663 duorum
1650 2607 1975 2682 segmentis
2018 2622 2097 2661 ex
2134 2602 2338 2662 codice
2368 2606 2747 2680 Digestorum
2785 2598 2860 2659 de

662 2707 1159 2781 mulomedicina,
1207 2727 1361 2787 quae
1389 2708 1500 2763 sub
1528 2709 1765 2783 Vegetii
1793 2709 2036 2764 nomine
2076 2707 2602 2779 circumferuntur,
2645 2705 2858 2782 primi-

662 2833 779 2894 que
813 2831 1021 2869 eorum
1044 2808 1213 2880 libri,
1254 2816 1593 2884 supersunt.
1679 2810 1733 2864 is
1766 2805 1992 2881 codex,
2037 2807 2275 2864 saeculo
2309 2810 2350 2869 7
2379 2818 2481 2865 aut
2513 2810 2552 2870 8
2583 2810 2855 2884 scriptus,

657 2917 787 2994 ipse
818 2914 1102 2991 rescripta
1130 2911 1276 2968 folia
1305 2908 1841 2988 complectebatur:
1884 2926 2074 2965 unum
2099 2920 2257 2966 certe
2288 2909 2681 2968 tabellionum
2703 2913 2857 2967 scri-

657 3028 897 3096 pturam
938 3016 1048 3074 sub
1089 3015 1430 3092 Vegetianis
1474 3013 1810 3070 elucentem
1856 3013 2012 3070 clare
2055 3011 2286 3089 prodit3
2333 3033 2451 3095 qua
2489 3011 2635 3093 qaid
2666 3014 2857 3070 conti-

657 3130 875 3178 neatur
914 3116 1203 3198 expedire
1247 3136 1371 3174 non
1413 3117 1605 3195 potui.
1709 3110 1860 3171 haec
1905 3127 2109 3173 autem
2144 3117 2483 3195 fragmenta
2527 3136 2665 3173 cum
2701 3118 2856 3174 Cor-

658 3223 854 3281 biensi
897 3221 1309 3302 antiquissimo
1356 3216 1592 3293 codice,
1639 3228 1931 3299 quatenus
1958 3220 2012 3277 is
2041 3230 2285 3299 propter
2315 3221 2561 3278 lacunas
2599 3220 2854 3278 conferri

652 3335 884 3405 potest,
935 3325 1061 3381 fere
1110 3343 1298 3404 usque
1343 3318 1423 3379 ad
1464 3323 1717 3379 minima
1751 3324 2140 3397 conveniunt,
2191 3324 2308 3380 nisi
2340 3321 2504 3405 quod
2528 3343 2721 3381 sermo
2753 3343 2853 3381 se—

653 3427 1023 3485 mibarbarus
1066 3427 1339 3505 plurimis
1382 3423 1535 3482 locis
1577 3435 1779 3504 aperte
1827 3436 2028 3504 patet3
2089 3424 2425 3484 cuiusmodi
2465 3426 2758 3483 variantes
2797 3426 2852 3481 is

652 3533 763 3613 qui
794 3531 1177 3588 Corbiensem
1202 3530 1451 3587 contulit
1474 3530 1723 3587 fortasse
1758 3549 1895 3586 cum
1920 3530 2051 3588 aliis
2075 3532 2410 3589 manifestis
2433 3525 2669 3586 mendis
2697 3545 2851 3584 eno·

656 3643 782 3690 tare
811 3634 1055 3711 sprevit.
1142 3632 1371 3714 reliqua
1400 3630 1488 3690 ⁴ad
1527 3633 1807 3712 epistolas
1834 3634 2118 3691 Paulinas
2140 3677 2157 3706 ,
2201 3637 2657 3711 versionemque
2687 3635 2850 3687 Iere-

654 3737 811 3793 miae
849 3733 1174 3814 prophetae
1217 3756 1253 3793 a
1284 3737 1527 3815 wilgata
1552 3736 1734 3814 longe
1765 3734 2060 3794 diversam
2078 3778 2097 3809 ,
2142 3746 2202 3792 et
2233 3738 2422 3793 sancti
2445 3736 2704 3790 alicuius
2735 3751 2851 3808 pa-

650 3838 760 3896 tris
792 3837 1013 3895 librum
1041 3837 1195 3896 mihi
1227 3840 1501 3918 ignotum
1532 3841 1852 3917 pertinent.

822 3943 1121 4000 Festinata
1160 3944 1355 4020 priore
1387 3939 1566 3999 huius
1593 3942 1785 3998 libelli
1815 3939 2112 4012 editione,
2155 3939 2426 4017 pluribus
2449 3939 2600 3995 locis
2625 3938 2689 3993 in
2719 3932 2849 3994 dis—
2953 4007 2962 4014 ι

653 4043 1036 4105 criminandis
1077 4045 1291 4101 litteris
1335 4063 1488 4125 quae
1515 4045 1580 4099 in
1610 4044 1976 4101 membranis
2006 4052 2355 4120 supersunt,
2400 4060 2666 4123 quasque
2699 4059 2848 4117 sup-

650 4146 846 4225 plevi,
894 4157 1156 4204 erratnm
1180 4145 1327 4202 fuit:
1373 4144 1441 4203 id
1467 4156 1670 4202 tamen
1702 4149 1857 4203 circa
1883 4165 1979 4203 res
2010 4144 2161 4201 adeo
2192 4154 2403 4204 tenues
2430 4153 2733 4216 versatur,
2781 4153 2850 4199 ut

648 4247 727 4306 de
748 4246 1023 4307 iteranda
1054 4245 1313 4304 editione
1345 4268 1465 4306 non
1500 4249 1890 4323 cogitassem,
1933 4249 2051 4305 nisi
2085 4251 2265 4304 amici
2297 4252 2666 4305 coniecturas
2691 4242 2850 4303 mihi

645 4351 1000 4411 obtulissent
1019 4395 1057 4442 ’-
1084 4360 1262 4430 atque
1299 4352 1431 4428 ipse
1480 4370 1688 4409 earum
1732 4348 2150 4409 difficultatmn
2187 4352 2548 4411 solutionem
2577 4349 2848 4408 invenis—
