3210 5200
776 316 928 394 442
1389 319 1674 390 NOTAE
1718 317 1810 385 m
1845 317 2180 388 LIBRUM
2225 316 2340 384 lv

771 484 930 544 dian.
980 482 1055 545 de
1092 481 1259 542 laud.
1292 482 1640 543 Stilichonis
1668 485 1747 546 3:
1804 482 2157 562 indutosque
2184 502 2365 540 amns
2386 480 2612 560 φοὶἰίι.
2702 491 2764 539 et
2791 479 2875 540 de
2904 487 2964 548 6.

768 572 994 628 consul.
1026 572 1217 628 flou-t
1261 569 1581 647 spoliisque
1605 571 1892 626 nuic-antes
1920 570 2256 626 ιἠηιιηιενω
2282 588 2479 624 arcus.
2565 568 2860 627 Benear-

898 657 1039 720 ..89
1121 656 1187 711 in
1225 673 1318 712 ms
1361 655 1586 712 violata
1612 674 1718 732 pro
1749 674 1851 711 m
1877 653 2010 710 lata
2035 652 2350 732 depravate
2379 652 2707 730 legebatur.
2749 655 2958 727 Runa.-

932 737 1018 796 ib.
1095 737 1346 816 patebat
1366 741 1634 797 Ruizius.
1718 739 1783 796 in
1807 741 2049 819 antiquo
2078 736 2279 796 codice
2311 748 2434 795 erat
2458 747 2698 815 patere,
2758 739 2943 814 male,

764 833 837 882 ut
858 825 1111 902 opinor..
1154 825 1454 885 ,Dumst-
2253 863 2260 870 ·
2355 869 2362 874 -

934 911 1038 970 90.
1118 904 1410 967 kalendas
1440 906 1743 966 Ianuarias
1790 871 2087 966 describit.
2175 917 2397 965 certant
2427 917 2629 974 autem
2658 907 2851 966 critici
2877 908 2948 965 ιιι

764 990 1162 1050 stabilienda
1144 996 1382 1071 imperii
1408 1005 1465 1051 et
1493 993 1830 1051 aemulatus
1859 994 2070 1052 Iustini
2094 994 2250 1070 Aug.
2277 994 2525 1050 Minoris
2553 990 2939 1071 chronologia

767 1077 842 1138 ob
883 1080 1227 1139 varietatem
1262 1075 1810 1154 chronologicarum
1840 1089 2148 1150 notarum,
2207 1078 2421 1156 quibus
2456 1088 2705 1135 utuntur
2725 1079 2944 1135 Graeci

766 1164 1082 1241 Latinique
1109 1174 1337 1222 veteres
1365 1161 1650 1234 historici,
1692 1172 1755 1219 et
1782 1180 1930 1241 quas
1954 1171 2086 1220 tum
2106 1163 2172 1220 ιιι
2197 1160 2498 1240 lapidibus
2521 1172 2654 1220 tum
2676 1164 2742 1219 in
2771 1161 2940 1232 ιιιιιιι-ο

770 1247 941 1320 cibus
966 1246 1539 1318 animadvertet-unu
1579 1246 1965 1328 volentesque
1988 1249 2185 1306 omnia
2210 1248 2557 1305 curiosiores
2583 1267 2937 1325 componere

767 1329 933 1390 haud
976 1329 1173 1396 defuit,
1204 1335 1310 1412 qni
1348 1333 1462 1392 sibi
1502 1332 1752 1409 fingeret
1790 1353 2008 1392 novam
2051 1329 2337 1409 epocham
2374 1332 2449 1389 ab
2487 1334 2616 1389 eius
2646 1342 2940 1410 potestate

772 1435 879 1475 seu
918 1418 1185 1477 Caesaris
1221 1437 1330 1476 seu
1373 1418 1782 1495 curopalatae,
1851 1427 1908 1474 et
1941 1419 2047 1496 qui
2089 1419 2281 1495 primo
2323 1417 2702 1492 consulatum
2733 1418 2968 1478 iniisse

773 1521 912 1560 eum
945 1504 1372 1561 existimaverit
1403 1500 1680 1561 kalendis
1714 1505 2000 1560 ianuariis
2030 1522 2085 1559 a.
2117 1504 2276 1574 567,
2333 1503 2670 1581 iterumque
2702 1520 2758 1559 a.
2791 1499 2930 1564 568·

769 1585 879 1645 sed
923 1581 1084 1658 haec⁴
1111 1589 1390 1665 figmenta
1428 1587 1926 1665 locupletissimus
1966 1587 2442 1665 certissimusque
2488 1588 2658 1644 testis
2699 1583 2936 1644 discutit

770 1671 1057 1749 corippus
1095 1683 1328 1745 noster,
1404 1691 1486 1730 ex
1528 1691 1647 1750 quo
1689 1683 1915 1730 constat
1954 1674 2244 1729 Iustinum
2278 1690 2584 1750 nunquam
2624 1673 2930 1729 Caesarem

766 1756 981 1854 fuisse,
1026 1765 1085 1811 et
1116 1757 1490 1832 curopalatae
1518 1776 1738 1814 munus
1763 1758 2018 1814 aulicam
2041 1757 2226 1813 fuisse
2254 1754 2623 1831 dignitatem,
2663 1776 2785 1813 non
2811 1758 2928 1816 im·-

680 1885 683 1890 .
763 1841 949 1917 perii,
1005 1850 1064 1896 et
1102 1842 1394 1899 Iustinum
1433 1842 1784 1898 successisse
1825 1844 2151 1899 Iustiniano
2190 1860 2271 1898 ex
2297 1842 2410 1899 Sc,
2450 1841 2697 1898 mirifice
2733 1851 2930 1899 auctor

761 1921 1181 1984 Pes-inclutum
1203 1925 1373 1986 lib-1
1402 1923 1693 1982 Periocha
1714 1925 1790 1986 4.
1837 1925 2166 1984 Ιιιιιίιιὶωιί
2181 1924 2408 1982 obitum
2428 1925 2928 2001 arlfichupoe‘la

761 2007 1109 2080 manducet,
1162 2019 1230 2067 ut
1269 2028 1340 2065 ex
1378 2009 1652 2066 comulm
1681 2020 1924 2068 senam-s
1953 2011 2255 2068 Iustinum
2295 2010 2594 2068 nummulo
2613 2009 2921 2085 condsgmis

762 2092 1047 2152 laudibus
1074 2093 1545 2152 consonandum
1565 2096 1906 2156 successisse,
1928 2094 2154 2154 doceat.
2241 2104 2543 2172 praeterea
2576 2113 2706 2151 cum
2742 2099 2913 2171 poeta

764 2178 871 2236 lib.
907 2181 941 2241 1
978 2181 1272 2240 Iustinum
1312 2182 1492 2238 etiam
1534 2177 1777 2237 inducat
1805 2183 1996 2257 prima
2020 2181 2151 2259 ipsa
2176 2180 2413 2258 imperii
2435 2181 2538 2253 ,sni
2560 2176 2653 2236 die
2673 2180 2924 2257 promit<

761 2273 988 2321 tentem
1026 2265 1248 2346 populo
1284 2274 1695 2342 reparaturum
1733 2284 1799 2322 se
1843 2266 1970 2322 fore
2000 2265 2406 2339 consulatum,
2464 2276 2524 2322 et
2547 2263 2926 2324 mandantem

759 2357 827 2405 ιιι
857 2341 1056 2405 omnia
1087 2347 1164 2406 ad
1186 2368 1473 2427 pompam
1492 2349 1654 2407 illico
1680 2359 1974 2426 pararent,
2002 2350 2203 2406 nullus
2234 2350 2498 2427 profecto
2529 2359 2709 2407 restat
2737 2349 2928 2410 ambi-

760 2433 949 2510 gendi
978 2435 1147 2493 locus
1172 2485 1175 2490 .
1196 2435 1343 2513 quin
1389 2435 1593 2492 consul
1642 2437 1992 2512 processerit
2032 2431 2307 2491 kalendis
2345 2435 2608 2512 proximi
2649 2436 2922 2508 Ianuarii,

758 2519 1177 2596 incipientibus
1203 2537 1428 2577 annum
1458 2521 1581 2583 566
1597 2562 1614 2593 ,
1660 2539 1798 2577 cum
1821 2521 2140 2596 imperium
2170 2520 2428 2577 Iustinus
2449 2522 2775 2597 suscepen't
2799 2521 2923 2596 ipsa

761 2600 862 2661 die
892 2603 972 2666 14
998 2603 1347 2665 Novembris
1373 2606 1514 2661 anni
1550 2605 1706 2679 565,
1748 2623 1866 2685 qus
1893 2606 2287 2663 lastinianum
2315 2604 2532 2662 obiisse
2560 2616 2926 2683 compertum

762 2698 873 2746 est.
918 2688 1133 2768 quodsi
1163 2688 1458 2769 quaedam
1485 2701 1749 2768 repertae
1774 2701 1913 2748 sunt
1944 2687 2179 2747 chartae
2203 2688 2570 2768 lapidesque,
2614 2690 2722 2747 ubi
2747 2688 2932 2753 modu=

757 2772 1100 2835 indictionis
1125 2784 1267 2833 nota
1289 2772 1468 2835 modo
1496 2794 1788 2833 annorum
1809 2777 2044 2853 imperii
2071 2794 2181 2841 seu
2208 2775 2543 2833 consulatus
2569 2777 2785 2833 Iustini
2809 2794 2922 2833 nna

759 2859 915 2914 meri
945 2877 1068 2915 non
1093 2858 1247 2916 bene
1271 2860 1585 2917 convenire
1610 2858 1901 2933 videntur,
1944 2858 2222 2938 equidem
2249 2878 2460 2917 censeo
2487 2879 2612 2923 non
2640 2860 2823 2917 licere
2850 2878 2924 2937 eg

759 2939 889 3013 liis,
954 2960 1108 3021 quae
1142 2942 1242 2999 vel
1276 2942 1353 2999 ob
1386 2941 1811 3019 descriptorum
1854 2944 1950 3000 vel
1994 2944 2070 3015 ob
2099 2941 2616 3024 quadratu-iorum
2649 2944 2924 3002 librario-

759 3046 968 3093 rumve
996 3037 1097 3085 aut
1120 3026 1416 3085 amcitiam
1442 3035 1543 3082 aut
1569 3027 1940 3086 oscitantiam
1962 3029 2188 3086 incerta
2210 3039 2370 3103 sunt,
2397 3026 2580 3086 fidem
2610 3032 2787 3087 certis
2818 3048 2924 3087 au·

759 3114 1206 3188 ctoritatemque
1239 3096 1543 3186 derogare.
1629 3107 1768 3167 vide
1791 3109 2139 3190 Philippum
2167 3133 2203 3171 a
2229 3115 2422 3172 Turre
2457 3115 2638 3192 episc.
2665 3112 2932 3183 Adrian-

753 3214 885 3252 sem
926 3196 991 3250 in
1016 3195 1440 3256 Dissertatioue
1484 3186 1850 3272 apologetica
1890 3196 1964 3255 de
2001 3197 2269 3256 Nummo
2305 3198 2555 3255 Anniae
2591 3199 2922 3257 Faustinae

754 3280 1210 3358 p-109etseqq.
1252 3297 1429 3357 porro
1455 3279 1647 3337 obiter
1671 3278 1785 3338 hoe
1810 3301 2046 3362 quoque
2072 3282 2387 3356 adnotabo,
2418 3285 2715 3343 lustinum
2745 3303 2927 3342 reno-

751 3383 925 3424 vasse
956 3365 1361 3439 consulatum,
1426 3383 1564 3422 cum
1589 3367 1712 3423 iam
1739 3366 1814 3424 ab
1848 3370 2018 3427 annis
2052 3370 2134 3433 25
2165 3368 2366 3425 nullus
2395 3369 2602 3425 consul
2640 3366 2813 3445 desi„
2889 3401 2921 3411 -

631 3475 638 3485 ·
750 3458 847 3508 tus
885 3450 1128 3523 fuisset,
1192 3460 1255 3507 et
1296 3468 1340 3507 a
1372 3451 1618 3527 privatis
1660 3449 1739 3509 ad
1773 3455 2157 3530 imperatores
2195 3454 2546 3511 translatum
2587 3451 2922 3513 reddidisse

750 3546 1107 3636 perpetuum
1135 3545 1194 3595 et
1222 3535 1353 3595 sine
1378 3536 1629 3613 collega.
1711 3548 2132 3617 praetereaque
2160 3539 2533 3596 constituisse
2559 3522 2815 3610 videtur,
2855 3547 2922 3596 ut

753 3622 817 3676 in
842 3622 1006 3678 Actis
1050 3621 1303 3698 publicis
1344 3619 1421 3676 ab
1451 3621 1557 3678 illo
1593 3641 1716 3681 non
1744 3624 1944 3683 minus
1965 3641 2155 3701 quam
2181 3623 2296 3679 ab
2277 3624 2529 3701 imperio
2560 3624 2700 3680 anui
2729 3620 2919 3681 dinu-

748 3713 1151 3763 merarentur:
1205 3702 1347 3766 hinc
1392 3707 1554 3762 enim
1595 3725 1667 3764 ea
1708 3708 1931 3765 ratione
1971 3705 2369 3765 dinumeratos
2414 3705 2690 3786 deinceps
2723 3725 2918 3765 annos

750 3791 1146 3868 comperimus
1173 3808 1364 3869 usqne
1392 3788 1470 3846 ad
1502 3790 1950 3849 Constantinum
1977 3794 2370 3870 pogonatum.
2434 3793 2636 3850 Foco.
2677 3836 2686 3841 -
2779 3834 2784 3838 -

917 3878 1023 3949 9¹·
1109 3875 1313 3935 allusit
1335 3872 1413 3930 ad
1442 3876 1651 3953 virgil.
1682 3877 1897 3955 Georg.
1927 3880 1971 3939 2
1998 3874 2142 3942 402.
2186 3878 2366 3937 simul
2387 3887 2448 3934 et
2469 3875 2628 3935 illud
2652 3897 2742 3934 ex.
2760 3878 2918 3934 Aen.

755 3965 789 4024 1
824 3962 948 4023 238
979 3959 1276 4018 imitatur:
1322 3958 1466 4016 olim
1491 3960 2080 4020 volventibus-annis.
2165 3964 2356 4020 Βιττ.

916 4042 1022 4109 94.
1106 4063 1375 4102 mensum
1402 4064 1512 4124 pro
1537 4047 1849 4104 mensium.
1940 4044 2070 4106 dui
2112 4049 2308 4107 olim
2288 4067 2354 4107 m
2393 4046 2921 4105 exercitationibus

749 4131 1396 4191 Ausonianis.R1·1-'r.

917 4219 1020 4280 96·
1087 4214 1241 4289 finit
1269 4214 1563 4293 dunfine]
1589 4207 1926 4299 ἆξῦμωρον,
1967 4216 2133 4277 οιιιιιι
2169 4196 2448 4297 exempla
2473 4215 2554 4275 ad
2577 4217 2925 4349 Oppianum

749 4300 1055 4381 quondam
1072 4296 1295 4361 notaviss
1366 4300 1565 4361 -.R1·r·r
1735 4354 1740 4357 t
