3210 5200
619 400 768 476 204
1218 399 1562 472 *CORJPPI
1611 403 1725 470 DE
1775 404 2190 473 LAUDIBUS

615 571 740 641 205
781 583 959 652 atque
988 567 1151 628 avidi
1177 581 1421 629 sumunt
1447 569 1698 643 virides,
1745 587 1895 651 quas
1927 574 2158 647 attulit,
2203 570 2441 633 herbas.

867 680 1097 733 Interea
1122 674 1379 751 populus
1402 682 1558 729 totas
1586 673 1987 750 compleverat
2015 673 2214 751 aedes,

780 787 1016 836 ornatas
1041 777 1216 832 nexis
1244 773 1478 833 diversa
1507 794 1588 832 ex
1609 773 1821 833 fronde
1847 775 2098 835 coronis.

780 879 967 938 serica
997 897 1105 955 per
1128 886 1366 934 cunctas
1395 875 1737 955 pendebant
1768 878 1904 935 vela
1933 877 2276 952 columnas3

781 1001 1003 1060 perque
1036 999 1202 1036 arcus
1228 980 1510 1057 vicosque
1545 998 1754 1036 omnes
1785 977 2057 1037 adstabat
2085 992 2337 1063 utraque

613 1086 739 1147 210
780 1092 945 1161 parte
971 1083 1177 1138 favens
1208 1081 1456 1158 vulgus,
1500 1078 1851 1160 palmasque
1878 1083 2162 1162 sinusque
2194 1087 2463 1163 parabat.

781 1184 1038 1242 consulis
1071 1182 1393 1242 adventum
1422 1202 1656 1241 summa
1684 1182 1972 1241 tardantis
1998 1186 2064 1240 in
2090 1187 2227 1243 aula

777 1295 1154 1365 exspectant,
1196 1283 1582 1365 penduntque
1608 1305 1802 1345 moras
1823 1330 1838 1361 ,
1885 1306 2207 1367 causasque
2234 1311 2532 1354 morarum

774 1392 1110 1470 inquirunt,
1155 1389 1477 1467 oculosque
1506 1407 1716 1446 omnes
1752 1387 1830 1445 ad
1856 1391 2018 1467 regia
2044 1391 2265 1448 tollunt

774 1494 1016 1566 limina,
1059 1508 1520 1570 processumque
1547 1493 1803 1568 Augusti
1833 1493 2088 1550 consulis
2118 1504 2342 1572 optant.

606 1595 731 1659 215
773 1593 939 1652 haud
966 1614 1134 1652 secus
1164 1605 1231 1652 ut
1256 1594 1467 1672 Libyci
1491 1603 1648 1650 terra
1674 1595 1910 1650 sitiente
1942 1594 2134 1653 coloni

774 1697 978 1754 nubila
1009 1697 1368 1772 suspiciunt,
1410 1705 1574 1752 moto
1614 1715 1751 1751 cum
1779 1695 2018 1773 fulgura
2046 1697 2211 1755 caelo

773 1801 963 1878 prima
995 1800 1216 1854 micant
1249 1796 1572 1874 crebroque
1599 1804 1812 1853 tonans
1837 1798 2023 1854 Notus
2055 1799 2323 1876 implicat
2353 1801 2616 1863 aethram

774 1902 1096 1959 ruricolum
1121 1900 1305 1956 siccos
1333 1896 1605 1955 discurrit
1625 1898 1797 1954 turba
1826 1917 1934 1976 per
1958 1915 2130 1975 agros

772 2022 876 2080 spe
903 2001 1140 2079 pluviae
1159 2044 1175 2074 ,
1217 1997 1627 2078 mundantque
1655 1999 1838 2072 locos,
1883 1997 2194 2080 aditusque
2219 2003 2452 2064 viarum

599 2107 725 2169 220
766 2104 984 2161 librant
1001 2148 1017 2177 ,
1066 2111 1125 2160 et
1151 2122 1353 2160 cursus
1377 2121 1585 2159 omnes
1607 2101 1988 2159 moderantur
2014 2122 2322 2182 aquarum,

763 2204 924 2264 uude
955 2205 1140 2263 fluant
1163 2203 1381 2284 liquidi
1408 2225 1517 2283 per
1545 2215 1713 2282 prata
1739 2205 1990 2262 virentia
2020 2207 2150 2280 rivi,

765 2309 953 2389 (cogit
981 2306 1127 2366 dura
1151 2306 1344 2386 sitis),
1389 2308 1776 2386 cumulosque
1803 2309 2022 2364 arentis
2051 2326 2266 2366 arenae

764 2411 1050 2469 obiiciunt
1069 2456 1083 2484 ‚
1130 2413 1486 2490 pinguisque
1514 2409 1629 2467 soli
1655 2406 1907 2467 declivia
1935 2408 2240 2467 claudunt.

844 2516 1171 2593 Postquam
1200 2514 1411 2592 opibus
1440 2511 1589 2570 fidos
1618 2512 1825 2570 consul
1851 2510 2059 2571 ditavit
2087 2515 2378 2588 alumnos,

590 2617 715 2682 225
756 2619 1028 2694 Augusto
1053 2627 1203 2674 nutu
1235 2628 1475 2676 cunctos
1498 2615 1774 2674 incedere
1801 2618 1993 2689 iussit,

758 2730 825 2777 ut
857 2720 1093 2797 populis
1124 2721 1225 2797 pia
1256 2716 1411 2777 dona
1439 2717 1627 2777 daret.
1701 2728 2017 2797 praecepta
2040 2717 2362 2778 facessunt.

756 2822 989 2878 tollitur
1013 2823 1076 2877 in
1107 2841 1396 2899 magnum
1424 2818 1636 2878 divalis
1666 2821 1813 2879 sella
1843 2817 2215 2898 trimnphum

753 2923 922 2979 mille
950 2925 1356 2980 ministrorum
1380 2923 1655 2979 manibus
1672 2966 1687 2995 ‚
1729 2930 2014 3000 gratoque
2043 2922 2234 2978 labori

755 3026 1108 3084 submittunt
1136 3021 1414 3082 humeros
1445 3034 1503 3080 et
1533 3024 1678 3080 loris
1709 3023 1960 3080 fortibus
1988 3032 2192 3100 aptant

586 3132 712 3194 230
756 3128 928 3186 electi
957 3129 1235 3201 iuvenes,
1280 3136 1441 3184 aetas
1469 3126 1688 3205 quibus
1717 3125 1991 3183 omnibus
2018 3144 2157 3199 una,

752 3250 860 3309 par
893 3227 1163 3303 habitus,
1208 3248 1316 3306 par
1353 3228 1546 3285 forma
1576 3228 1726 3300 fuit,
1769 3231 2068 3307 vestisque
2096 3228 2345 3285 rubebat

754 3332 1059 3404 concolor,
1104 3340 1280 3410 atque
1309 3350 1450 3387 auro
1475 3330 1755 3387 lucebant
1782 3331 2021 3407 cingula
2052 3328 2300 3388 mime.

750 3435 992 3493 incessit
1017 3434 1210 3491 laetus
1238 3434 1537 3512 praeclara
1566 3435 1634 3489 in
1660 3442 1824 3491 veste
1852 3442 2111 3507 senatus,

748 3556 886 3614 pars
916 3536 1135 3593 trabeis
1167 3555 1304 3614 pars
1339 3546 1571 3614 compta
1599 3537 1785 3613 togis,
1830 3545 1897 3592 ut
1922 3537 2133 3614 cuique
2159 3535 2436 3613 probatus

578 3639 702 3703 235
744 3637 887 3696 ordo
913 3641 1113 3698 locum
1144 3639 1486 3718 cultumque
1517 3635 1715 3695 dabat.
1801 3634 2001 3695 divina
2027 3648 2353 3717 sequuntur

744 3740 938 3799 officia
958 3786 973 3815 ,
1022 3753 1079 3800 et
1104 3743 1311 3820 primis
1341 3760 1553 3819 praeco
1588 3740 1944 3797 clamoribus
1975 3742 2157 3797 instat

742 3844 1017 3903 omnibus
1042 3848 1388 3923 imperitans
1418 3845 1592 3902 sectis
1621 3841 1939 3921 procedere
1966 3844 2203 3901 turmis.

741 3943 1024 4005 incedunt
1054 3946 1271 4005 densae
1299 3949 1492 4004 mixto
1522 3947 1730 4002 lictore
1761 3942 2066 4003 cohortes:

741 4046 884 4108 hinc
914 4061 1140 4109 armata
1175 4070 1390 4108 manus
1426 4046 1701 4106 dextram
1732 4048 2085 4125 laevamque
2118 4052 2316 4102 tuetur

570 4150 697 4216 240
742 4155 1012 4212 Caesarei
1046 4156 1287 4227 lateris;
1333 4153 1539 4230 clipeis
1569 4152 1669 4228 pia
1697 4160 1862 4228 terga
1898 4148 2137 4226 tegebat

738 4258 951 4333 ingens
984 4256 1295 4313 excubitus
1315 4300 1330 4328 ,
1374 4263 1888 4333 protectorumque
1913 4247 2241 4329 phalanges
2295 4253 2311 4265 ⁶

737 4359 1047 4437 fulgebant
1074 4359 1249 4415 rutilo
1277 4358 1418 4436 pilis
1442 4354 1893 4435 splendentibus
1931 4371 2097 4411 auro.
