3210 5200
670 387 768 459 78
1602 387 1938 456 CORIPPI

835 557 943 617 vix
972 556 1164 637 potuit
1191 563 1422 614 tentare
1446 555 1686 635 fugam,
1729 557 2054 615 moriturus
2085 555 2150 614 in
2177 554 2379 616 hostes

836 680 975 718 cum
1003 677 1186 739 parva
1212 659 1462 716 ruit‘ille
1489 678 1698 716 manu.
1782 659 2022 717 fortuna
2048 660 2302 718 salutem

833 763 1127 842 praestitit
1152 759 1398 819 audenti
1414 806 1430 836 ‚
1478 760 1745 841 duraque
1778 782 1813 818 e
1839 772 2034 820 morte
2062 762 2304 820 levavit.

661 864 789 931 205
912 867 1146 923 Interea
1173 864 1398 922 Stutias
1429 865 1630 921 anima
1653 863 1922 940 fugiente
1951 862 2213 922 dolebat.

827 966 1122 1044 paenituit
1155 966 1411 1024 bellasse
1442 966 1677 1023 ferum:
1720 966 1977 1044 suspirie
2006 962 2172 1023 ducit

834 1086 974 1125 cum
995 1070 1253 1144 gemitu,
1299 1087 1550 1149 seseque
1577 1065 1787 1126 dolens
1816 1068 1905 1132 sic
1925 1069 2192 1145 increpat
2216 1067 2370 1146 ipse.

822 1163 1002 1250 ‘quae
1029 1168 1181 1228 mihi
1209 1169 1479 1229 bellandi
1504 1171 1700 1229 fuerat
1726 1180 1854 1227 tam
1881 1168 2012 1227 dira
2038 1169 2357 1247 voluptas?

827 1292 934 1330 cur
963 1292 1164 1330 rerum
1190 1276 1461 1352 ingratus
1492 1271 1735 1330 domino
1764 1290 2190 1352 nunquamque
2215 1271 2455 1332 fidelis?

658 1378 785 1439 210
827 1374 1045 1432 infelix
1073 1376 1291 1434 virtute
1318 1372 1491 1434 mea!
1576 1372 1759 1432 modo
1786 1376 2049 1453 paenitet
2075 1376 2211 1449 ista,

832 1474 980 1535 dum
1005 1479 1314 1552 miserum,
1341 1497 1505 1537 mors
1532 1496 1733 1551 saeva,
1759 1474 1971 1534 trahis.
2011 1474 2285 1552 reddam,
2313 1478 2605 1560 improba,
2632 1489 2858 1560 poenas

828 1596 980 1660 quas
1012 1581 1225 1637 merui.
1310 1577 1505 1637 Furiis
1533 1581 1729 1637 socius
1761 1580 2020 1637 Catilina
2050 1580 2308 1636 cruentis

826 1682 1165 1758 exagitatus
1194 1677 1386 1738 adest.
1470 1678 1648 1738 video
1680 1682 1804 1738 iam
1832 1682 2087 1738 Tartara
2118 1678 2327 1757 fundo,

839 1783 1335 1861 flammarumque
1358 1781 1567 1858 globos
1590 1794 1651 1841 et
1674 1781 1803 1840 dira
1827 1779 2105 1840 incendia
2129 1784 2316 1842 volvi.

662 1884 786 1950 215
826 1882 1113 1963 perfidiae
1143 1885 1424 1939 meritum
1452 1902 1589 1941 oum
1620 1882 1802 1941 durae
1832 1885 2080 1946 crimine
2108 1887 2315 1943 mortis

827 1985 942 2046 hoc
972 1983 1127 2044 mihi
1154 1984 1315 2042 bella
1344 1984 1564 2044 ferunt.
1654 1982 1896 2043 doleant
1928 1996 2294 2067 caveantque
2323 1990 2520 2049 Latini

827 2082 941 2148 has
967 2106 1189 2167 poenas
1206 2130 1222 2160 ,
1262 2087 1557 2167 rebusque
1584 2082 1769 2143 fidem
1801 2084 2174 2168 dominisque
2202 2087 2552 2152 reservent.’

828 2187 1019 2262 dixit3
1068 2201 1126 2248 et
1153 2189 1459 2247 infelicem
1487 2189 1753 2246 animam
1776 2207 1941 2247 mors
1967 2192 2154 2269 impia
2187 2175 2418 2252 clausit.

914 2289 1146 2351 Occidit
1171 2301 1240 2349 ut
1270 2292 1528 2365 Statius,
1580 2309 1924 2372 quanquam
1952 2290 2121 2352 ducis
2146 2305 2302 2354 esset
2326 2297 2571 2357 acerbus

658 2391 1018 2462 220‘morte
1049 2392 1221 2454 dolor
1247 2395 1506 2473 populo»,
1548 2394 1835 2453 Romanis
1864 2413 2125 2453 crescere
2151 2398 2338 2457 virtus

823 2506 1128 2575 coeperat,
1175 2507 1235 2554 et
1265 2516 1507 2575 campos
1535 2497 1695 2553 acies
1714 2497 1842 2552 iam
1862 2507 2062 2555 nostra
2091 2499 2353 2576 petebat.

822 2598 1152 2659 Guntarich
1183 2621 1259 2658 en
1289 2602 1511 2658 iterum
1536 2604 1816 2677 perversa
1844 2610 2046 2657 mente
2071 2602 2393 2679 malignus,

818 2700 1083 2782 perfidus
1101 2746 1117 2776 ,
1162 2702 1380 2759 infelix
1395 2745 1411 2774 ,
1458 2710 1662 2775 atrox,
1706 2702 1969 2760 insulsus
1986 2745 2002 2775 ‚
2046 2701 2300 2779 adulter,

814 2803 1073 2884 praedo,
1120 2787 1455 2876 homicida,
1504 2821 1694 2881 rapax
1710 2845 1726 2876 ,
1778 2803 2073 2862 bellorum
2098 2808 2397 2884 pessimus
2426 2819 2650 2887 auctor,

647 2906 772 2973 225
819 2906 1125 2965 ductorem
1153 2905 1461 2961 incautum
1492 2902 1836 2961 crudelibus
1864 2917 2114 2983 occupat
2146 2910 2348 2984 annis,

817 3025 1294 3088 oppressumque
1328 3005 1466 3063 dolo
1491 3008 1689 3084 rapuit
1702 3048 1719 3079 ,
1763 3007 2084 3087 iuransque
2110 3008 2350 3069 fefellit.

815 3112 1105 3191 principis
1130 3106 1280 3167 haut
1300 3109 1477 3165 illum
1505 3110 1657 3165 tanti
1683 3098 2014 3168 rerereutia
2042 3115 2265 3187 movit3

813 3233 1051 3273 sumere
1081 3231 1195 3269 nec
1222 3212 1424 3268 timuit
1448 3210 1684 3269 bellum
1705 3230 2046 3292 nomenque
2068 3215 2329 3292 tyranni.

814 3335 962 3397 quas
990 3315 1167 3393 Tyrii
1194 3310 1426 3388 clades,
1473 3332 1627 3393 quae
1656 3332 1835 3372 saeva
1862 3317 2129 3392 pericula
2158 3318 2320 3395 passi

646 3421 773 3483 230
814 3418 924 3477 sub
958 3414 1160 3495 gladio
1190 3419 1426 3474 iacuere
1457 3418 1662 3495 gravi,
1707 3413 1815 3475 sed
1847 3427 2114 3497 tempore
2140 3436 2364 3497 parvo:

813 3538 962 3577 nam
989 3520 1256 3578 breviata
1287 3517 1415 3577 dies
1443 3516 1691 3577 infanda
1721 3528 1782 3577 et
1804 3521 2076 3598 pessima
2096 3521 2265 3598 regui
2292 3530 2403 3578 est.
2431 3562 2440 3567 -

810 3642 956 3681 nam
986 3632 1157 3701 pater
1184 3622 1291 3679 ille
1320 3622 1516 3681 bonus
1546 3622 1797 3679 summis
1825 3619 2191 3680 Athanasius
2216 3623 2396 3681 Afros

813 3726 1078 3784 consiliis
1098 3722 1299 3782 media
1327 3726 1523 3804 rapuit
1555 3722 1631 3781 de
1661 3721 1841 3781 caede
1866 3723 2138 3800 maligni.

813 3824 917 3885 hic
942 3828 1138 3906 potuit
1169 3827 1427 3905 Libyam
1457 3828 1744 3886 Romanis
1773 3824 2022 3884 reddere
2050 3825 2222 3882 fastis

638 3929 765 3996 235
807 3931 969 3989 solus
987 3974 1003 4005 ,
1048 3941 1109 3988 et
1138 3929 1426 3987 infestum
1453 3929 1573 3987 leto
1604 3928 1890 3986 damnare
1913 3937 2256 4006 tyrannum.

810 4033 1132 4091 Armenius
1163 4032 1317 4088 tanti
1349 4030 1545 4088 fuerat
1567 4040 1712 4088 tunc
1737 4032 1843 4088 ille
1868 4031 2142 4087 minister

808 4135 1063 4194 consilii.
1149 4131 1313 4190 hunc
1336 4130 1611 4211 placidus
1644 4150 1792 4188 cana
1821 4134 2113 4210 gravitate
2146 4129 2341 4207 coegit

636 4283 745 4337 212
774 4282 992 4337 catelina
1011 4281 1226 4335 furentis
1250 4283 1301 4335 Τ
1439 4280 1545 4334 214
1575 4278 1707 4334 dura
1731 4281 1782 4333 Τ
1915 4280 2020 4336 231
2056 4296 2171 4335 nam
2192 4279 2284 4347 M,
2317 4276 2402 4333 alii
2426 4277 2475 4331 Τ
2609 4277 2714 4333 232
2747 4277 2847 4332 ha.-

638 4352 748 4405 fros
774 4352 826 4405 Τ
1021 4351 1124 4406 235
1158 4349 1377 4405 clamare
1403 4350 1464 4403 Τ.
1727 4376 1748 4389 -
