3210 5200
1035 409 1572 499 ιοΗΔΝΝωοε
1623 407 1781 476 un.
1834 408 1919 474 11.
2482 405 2578 472 53

551 585 793 647 miscuit
818 593 880 642 et
905 581 1154 642 miseros
1187 575 1409 659 praeda
1439 584 1709 655 raptante
1741 574 1996 652 subegit.

551 697 785 749 aestuat
817 695 877 744 et
908 687 1097 759 curis,
1137 685 1473 759 iterumque
1505 681 1845 756 iterumque
1873 675 2102 733 volutat

552 789 701 873 quid
731 790 913 848 faciat
942 785 1182 845 dubius.
1267 785 1391 841 iam
1415 800 1576 838 nunc
1605 781 1976 837 committere
2005 767 2235 853 pugnas

549 896 738 954 virtus
767 909 1005 950 summa
1033 896 1234 969 parat:
1275 886 1465 963 pietas
1492 878 1676 938 modo
1699 899 1940 959 parcere
1973 876 2175 951 dictat,

385 995 512 1063 295
554 995 778 1075 quippe
810 1004 877 1052 ut
907 994 1171 1071 captivos
1203 987 1371 1046 nullo
1400 982 1742 1042 discrimine
1770 991 2031 1062 quassat,

551 1117 657 1177 pro
693 1097 908 1176 quibus
940 1112 1105 1153 arma
1130 1100 1350 1149 movet.
1438 1104 1647 1144 sensus
1680 1085 1997 1163 vigilanter
2028 1081 2281 1139 oberrat.

555 1201 713 1256 inter
739 1208 1055 1277 utrumque
1083 1189 1293 1253 volans
1322 1191 1557 1277 animus
1582 1185 1848 1245 deceruit
1876 1195 1936 1243 et
1964 1183 2179 1242 obstat.

555 1311 793 1380 pectore
823 1318 1026 1379 pugna
1051 1298 1195 1356 furit
1210 1299 1235 1353 τ’
1272 1295 1465 1372 pietas
1499 1291 1753 1350 occurrit
1781 1298 1840 1346 et
1868 1289 1977 1344 ira.

557 1423 627 1462 ac
653 1403 819 1461 velut
845 1401 1105 1479 agricola
1134 1398 1413 1455 immistis
1446 1413 1585 1452 cum
1610 1390 1874 1451 sentibus
1907 1406 2047 1445 arva

391 1511 515 1574 300
553 1507 710 1565 ferre
738 1502 954 1563 videns
987 1504 1226 1582 fruges,
1276 1498 1571 1558 maerenti
1595 1503 1831 1573 pectore
1861 1499 2024 1548 curat

552 1610 812 1689 impiger
833 1607 1128 1666 infaustos
1156 1604 1316 1681 agris
1340 1598 1673 1659 convellere
1696 1604 1914 1668 sentes,

556 1710 665 1772 sed
691 1721 893 1768 movet
916 1709 1048 1788 ipsa
1075 1707 1289 1765 Ceres:
1332 1703 1559 1782 pavitat
1576 1744 1594 1776 ,
1640 1696 2045 1775 damnumque
2071 1697 2368 1768 repensat,

554 1836 632 1874 na
665 1814 826 1873 male
854 1809 1089 1869 dimissi
1112 1803 1366 1887 perdant
1396 1814 1498 1863 aut
1525 1800 1707 1861 ordea
1734 1816 1967 1877 vepres,

556 1929 660 1977 aut
687 1917 839 1974 bene
868 1934 991 1972 non
1018 1921 1266 1991 pereant
1295 1910 1494 1967 tristes
1525 1924 1666 1963 cum
1691 1900 1967 1979 frugibus
2000 1894 2256 1954 herbae:

397 2021 519 2088 306
560 2023 644 2080 sic
672 2028 844 2098 pater
870 2015 1130 2072 alternas
1159 2010 1449 2089 pensabat
1470 2017 1710 2088 pectore
1739 2022 1929 2076 curas,

561 2125 760 2184 omnia
784 2120 956 2178 lance
984 2114 1273 2197 probans,
1319 2113 1555 2169 animus
1582 2127 1704 2189 quo
1731 2103 1995 2185 pondere
2026 2109 2232 2177 vergat

562 2222 780 2307 quidve
810 2230 998 2301 gerat.
1082 2236 1197 2275 uec
1226 2225 1381 2274 stare
1412 2213 1591 2285 libet,
1635 2229 1750 2267 nec
1779 2206 1956 2265 dulce
1981 2201 2216 2266 sedenti

562 2329 959 2407 colloquium:
1005 2322 1183 2377 tacita
1209 2317 1476 2397 geminat
1501 2313 1757 2391 suspiria
1789 2312 2018 2387 lingua.

563 2430 709 2489 dum
734 2429 890 2486 curis
921 2426 1148 2503 agitur,
1193 2416 1465 2500 pendens
1487 2412 1637 2473 dum
1657 2421 1867 2492 pectus
1892 2406 2156 2478 anhelat,

399 2540 522 2606 310
560 2535 749 2612 surgit
777 2539 836 2587 et
863 2530 929 2586 in
955 2522 1173 2584 mediis
1198 2519 1431 2579 mavult
1461 2515 1777 2593 confligere
1809 2512 2049 2582 castris3

563 2640 726 2718 itque
759 2630 1031 2710 reditque
1060 2630 1219 2700 vias,
1262 2625 1533 2681 animum
1563 2634 1895 2695 corpusque
1925 2612 2206 2687 fatigans.

648 2743 821 2797 Hunc
844 2734 1086 2815 paribus
1118 2729 1272 2788 curis
1304 2726 1559 2803 flagrans
1590 2721 1906 2778 comitatur
1934 2722 2177 2774 euntem

562 2841 1045 2921 magnanimum,
1090 2831 1348 2892 ductoris
1374 2824 1571 2885 honor
1595 2824 1973 2899 nimiumque
1997 2815 2296 2892 benignus

565 2944 915 3022 consiliique
955 2937 1135 2995 decus
1155 2979 1170 3010 ‚
1215 2932 1392 2990 lateri
1417 2926 1765 2986 Reciuarius
1795 2922 2071 2981 haerens.

402 3047 525 3115 815
564 3045 725 3106 hunc
749 3043 932 3102 habet
958 3042 1025 3096 in
1054 3037 1247 3096 saevis
1272 3031 1462 3091 fidum
1492 3031 1841 3107 sociumque
1873 3024 2134 3105 periclis,

567 3160 628 3208 et
653 3150 871 3207 virtute
899 3145 1098 3203 virum
1123 3149 1183 3197 et
1212 3135 1464 3195 discreta
1494 3141 1696 3190 mente
1724 3132 2023 3188 levamen.

568 3252 745 3310 illum
772 3249 955 3308 etiam
984 3241 1236 3303 summis
1268 3240 1424 3296 victo
1454 3234 1721 3290 Mavorte
1752 3224 2074 3307 triumphis

570 3361 657 3410 tot
682 3351 901 3408 nimios
931 3342 1154 3425 gaudet
1175 3358 1383 3399 secum
1404 3336 1687 3394 tolerasse
1718 3330 1950 3389 labores

567 3455 774 3511 Martis
806 3461 866 3509 et
894 3446 973 3508 ad
1002 3461 1303 3507 summam
1330 3439 1551 3519 pariter
1576 3435 1812 3492 venisse
1839 3449 2137 3511 coronam.

400 3562 532 3624 320
572 3567 631 3615 et
665 3567 808 3614 tunc
846 3569 985 3630 ergo
1022 3564 1222 3606 comes
1252 3544 1407 3603 curis
1432 3557 1556 3601 nou
1587 3539 1783 3614 impar
1808 3530 2042 3591 anhelis

570 3661 723 3733 ibat,
768 3666 828 3714 et
855 3655 1082 3714 alterno
1112 3643 1383 3729 placidus
1410 3659 1682 3701 sermone
1709 3636 1965 3695 levabat.

645 3751 869 3818 “Nutat
892 3758 956 3814 in
984 3752 1252 3833 angustis
1283 3746 1449 3804 omni
1478 3741 1553 3821 de
1580 3749 1748 3820 parte
1777 3737 2016 3817 periclis

572 3852 856 3935 seusus”,
898 3856 1108 3918 ductor
1133 3841 1482 3925 ait‚-“curis
1511 3853 1571 3902 et
1598 3852 1807 3921 pectus
1836 3835 2098 3910 anhelat,

573 3962 721 4022 dum
755 3970 959 4022 movet
987 3961 1053 4016 in
1087 3955 1284 4014 dubiis
1313 3970 1466 4032 quae
1499 3950 1575 4007 sit
1608 3948 1844 4005 fortuna
1871 3941 2100 4000 salutis.

404 4066 530 4132 325
570 4068 838 4123 maxima
873 4060 1092 4120 damna
1122 4058 1319 4115 ferens
1347 4072 1547 4111 rerum
1578 4048 1821 4106 victoria
1844 4064 1966 4102 uon
1996 4050 2117 4099 est:

402 4308 509 4372 295
546 4315 873 4389 ueuptiuos,
892 4311 993 4366 ullo
1020 4312 1071 4364 Τ
1263 4308 1362 4362 301
1399 4252 1663 4357 int'aixtos
1687 4301 1757 4362 Τ,
1791 4298 2007 4350 infestos
2029 4295 2093 4348 M
2281 4291 2384 4344 302
2419 4295 2473 4338 ut
2494 4302 2602 4338 mo·-

406 4397 499 4441 uet
519 4387 579 4444 Μ
780 4385 889 4440 303
921 4379 1123 4436 demissi
1152 4377 1201 4442 Τ
1400 4377 1503 4430 314
1538 4370 1799 4434 riciuatius
1826 4369 1888 4421 Τ.
