3210 5200
992 432 1519 504 lonfflmnos
1568 437 1727 524 Lm.
1772 438 1892 505 1v.
2429 444 2529 516 89

506 600 683 662 corde
714 599 964 662 humilis
981 648 997 678 ‚
1043 601 1206 684 quod
1238 599 1509 662 Christus
1539 615 1704 664 amat
1719 649 1737 682 ‚
1781 608 2002 687 pietate
2033 608 2349 689 benignus,

506 716 566 764 et
594 708 701 786 qui
734 703 951 784 dignus
982 716 1107 763 erat
1134 707 1240 763 tali
1267 725 1585 785 properare
1611 710 1934 787 mag-istro:

332 809 463 876 590
506 829 748 887 corpore
774 828 917 865 nam
946 803 1216 886 gemino's
1246 809 1445 865 anima
1473 810 1725 867 iunxere
1749 811 1861 868 sub
1890 831 2034 888 una,

500 929 623 967 non
646 922 859 968 natura
887 930 1136 990 parens,
1186 910 1411 969 summi
1446 907 1554 968 sed
1585 912 1759 989 sig-na
1788 913 2033 989 favoris,

494 1022 701 1070 castus
734 1031 933 1086 amor,
980 1016 1205 1092 pietas,
1246 1013 1481 1072 bonitas
1500 1057 1541 1088 ,.
1562 1015 1854 1093 sapientia
1871 1058 1890 1090 ‚
1933 1018 2146 1078 virtus.

506 1135 647 1194 ergo
672 1118 829 1174 inter
852 1113 1081 1174 medias
1110 1117 1268 1177 acies
1293 1116 1633 1196 praeclarus
1662 1126 1722 1175 et
1752 1118 1933 1178 armis
2039 1149 2040 1154 κ

503 1218 629 1276 ibat
659 1238 840 1299 equo,
879 1228 938 1276 et
965 1216 1202 1297 placido
1231 1221 1423 1276 socios
1448 1238 1726 1278 sermono
1745 1221 2046 1281 movebat.

332 1319 462 1386 595
587 1325 723 1400 Ipso
757 1319 1049 1400 dispositu
1075 1320 1274 1378 felicia
1301 1321 1472 1398 signa
1500 1333 1827 1400 regentem,

504 1424 720 1482 fortem
746 1426 961 1481 mirata
990 1433 1080 1482 est
1106 1422 1263 1480 acies
1290 1425 1534 1481 inimica
1561 1421 1915 1483 Iohannem.

500 1529 848 1585 Maurortnn
874 1535 936 1583 at
958 1528 1235 1604 princeps
1260 1535 1546 1584 nocturno
1574 1537 1847 1608 tempore
1877 1532 2071 1606 lerna,

503 1631 790 1687 sollicitus
817 1629 973 1687 curis
991 1672 1009 1702 ‚
1052 1647 1254 1686 muros
1283 1648 1393 1707 per
1420 1639 1611 1687 eastra
1644 1634 1890 1693 camelis

504 1733 819 1806 construit,
856 1741 1080 1789 octono
1114 1729 1488 1790 circundans
1517 1730 1726 1791 ordine
1754 1754 2056 1819 campum.

327 1834 458 1897 600
497 1831 638 1891 inde
669 1834 851 1893 boves
875 1835 1102 1912 iungit,
1144 1834 1236 1892 bis
1270 1844 1439 1892 terno
1469 1854 1687 1893 cornua
1719 1857 1867 1916 gyro

503 1935 779 1993 eornibus
804 1946 930 1994 arte
959 1937 1187 2015 figans3
1229 1947 1291 1995 et
1313 1938 1502 1997 multo
1533 1938 1783 2000 callidus
1807 1950 1940 1999 astu

500 2038 821 2117 implicitas
848 2059 1044 2097 errore
1072 2051 1245 2118 parat
1268 2060 1378 2120 per
1404 2039 1579 2100 devia
1607 2040 1871 2118 fraudes,

496 2151 674 2199 notus
713 2150 778 2199 ut
810 2138 952 2198 inde
986 2143 1196 2201 volans
1228 2154 1423 2201 currat
1451 2164 1560 2223 per
1589 2145 1819 2222 proelia
1847 2145 2113 2221 Maurus,

498 2244 898 2324 ignarumque
926 2257 1161 2323 premat
1189 2246 1499 2305 subeuntis
1528 2257 1720 2305 eastra
1747 2267 1858 2327 per
1883 2249 2045 2328 ipsas

325 2345 455 2411 605
495 2345 749 2407 insidiae
783 2347 1006 2406 formas
1043 2348 1265 2406 infensi
1287 2350 1497 2407 militis
1524 2367 1766 2427 agmen.

496 2468 616 2507 non
640 2448 1063 2530 Labyrintheis
1091 2453 1316 2509 Minoia
1342 2470 1483 2509 cura
1508 2452 1755 2509 latebris

497 2553 745 2611 flexerat
772 2555 1061 2634 ancipites
1088 2555 1271 2613 tantis
1298 2555 1662 2613 anfractibus
1694 2552 1888 2627 orbes,

498 2653 872 2737 distorquens
904 2678 1098 2717 errore
1123 2660 1288 2733 vias;
1332 2676 1484 2738 quas
1518 2655 1774 2715 callidus
1802 2664 1931 2713 arte

496 2757 725 2816 invenit
742 2804 757 2832 ,
802 2770 966 2825 temo
997 2780 1284 2821 revocans
1314 2762 1569 2839 vestigia
1598 2760 1721 2834 filo,

322 2844 453 2907 610
493 2842 752 2921 Aegides
784 2848 1069 2906 monitus.
1153 2858 1364 2927 peetus
1394 2858 1539 2906 tunc
1566 2849 1698 2925 ipse
1727 2843 1984 2902 biforme

498 2965 640 3004 ense
671 2947 812 3005 ferit
838 2949 1008 3006 misti
1038 2953 1306 3025 generis:
1348 2952 1539 3005 vomit
1562 2950 1670 3007 ille
1697 2963 1989 3018 cruorem,

497 3056 559 3105 et
582 3050 702 3105 ruit
729 3048 1014 3107 obscurae
1048 3049 1430 3127 confringens
1456 3067 1687 3109 cornua
1704 3057 1923 3104 terrae.

496 3152 667 3206 tertia
699 3153 999 3210 constricti
1023 3152 1291 3233 fonnans
1320 3152 1657 3209 munimina
1683 3146 1831 3206 valli

500 3250 858 3328 circumdat,
911 3255 1256 3334 spargitque
1284 3271 1467 3332 pecus
1493 3253 1798 3328 vincitque
1822 3247 2143 3331 minutum,

321 3351 454 3419 615
496 3353 864 3433 impediens:
910 3355 1145 3415 medios
1178 3354 1379 3414 densis
1406 3354 1681 3429 astringit
1707 3350 1909 3407 asellis

500 3466 624 3514 arte
651 3457 847 3533 locon,
891 3458 1185 3539 funesque
1213 3460 1409 3536 ligans
1441 3452 1711 3514 extendit
1739 3454 2011 3531 iniquom

500 3566 563 3613 et
590 3558 836 3619 tribulos
864 3581 972 3640 per
997 3571 1189 3620 castra
1218 3558 1375 3617 locat
1402 3558 1718 3634 furcasque
1747 3554 2043 3627 bicornes,

502 3663 855 3742 exacuitque
884 3661 1061 3723 sudes
1098 3673 1158 3721 et
1184 3679 1435 3763 mag-nas
1462 3661 1630 3720 obice
1662 3667 1885 3716 cautes.

583 3765 831 3823 Antalas
853 3769 1076 3844 pariter
1101 3783 1336 3845 pugnas
1366 3734 1722 3822 determinat
1747 3769 1895 3833 arte,

325 3866 457 3930 620
499 3863 917 3948 egrediturque
947 3870 1070 3929 suis
1098 3869 1354 3929 vallatus
1384 3866 1682 3925 cornibus.
1767 3859 1937 3937 ardet

500 3969 567 4026 in
593 3968 893 4046 medium,
940 3970 1193 4032 confisus
1223 3989 1411 4053 equo;
1452 3985 1811 4050 pugnaeque
1831 3961 2096 4045 pedestri

325 4135 440 4191 589
508 4136 713 4206 topiare
734 4136 821 4190 Μ·
862 4138 933 4193 ef.
954 4139 989 4193 6
1020 4139 1124 4194 202
1326 4136 1424 4192 591
1460 4140 1642 4191 natura
1663 4136 1751 4203 M,
1785 4140 1962 4189 nostra
1990 4134 2042 4189 Τ
2216 4130 2319 4189 595
2345 4131 2524 4218 dispo·-

534 4205 831 4277 ‚disposito
867 4208 982 4262 MT
1179 4208 1282 4263 596
1329 4208 1513 4260 fortem
1559 4212 1808 4261 maturata
1857 4208 1931 4272 Τ,
1980 4201 2196 4258 forsitan
2239 4203 2420 4256 intuita
2463 4202 2530 4254 M

321 4272 436 4327 597
468 4274 714 4327 benorum
742 4277 794 4329 Τ
973 4280 1078 4333 603
1111 4283 1164 4331 et
1184 4277 1305 4331 inde
1325 4277 1505 4330 volam
1528 4276 1688 4329 currit
1708 4276 1850 4345 apud
1871 4275 1933 4327 M
2127 4273 2228 4328 604
2257 4272 2442 4344 premit
2463 4270 2526 4324 M

319 4342 435 4394 613
468 4344 752 4398 oon-anea
770 4345 837 4398 M
977 4349 1082 4402 614
1113 4348 1336 4418 uicitque
1360 4348 1410 4399 Τ
1542 4346 1647 4399 616
1678 4344 1910 4414 finesque
2093 4342 2159 4399 M
2288 4342 2390 4396 617
2423 4337 2526 4393 tri-

319 4409 447 4464 blos
475 4413 526 4465 Τ
727 4414 829 4471 618
862 4429 1075 4487 magnos
1100 4418 1150 4474 Τ
1348 4417 1454 4474 620
1482 4413 1670 4470 ardens
1691 4415 1766 4469 10·
1800 4414 1870 4471 cf.
