<?xml version="1.0" encoding="UTF-8"?>
<!DOCTYPE html PUBLIC "-//W3C//DTD XHTML 1.0 Transitional//EN"
    "http://www.w3.org/TR/xhtml1/DTD/xhtml1-transitional.dtd">
<html xmlns="http://www.w3.org/1999/xhtml" xml:lang="en" lang="en">
 <head>
  <title>
</title>
<meta http-equiv="Content-Type" content="text/html;charset=utf-8" />
  <meta name='ocr-system' content='tesseract 3.04.00' />
  <meta name='ocr-capabilities' content='ocr_page ocr_carea ocr_par ocr_line ocrx_word'/>
</head>
<body>
  <div class='ocr_page' id='page_1' title='image "./carminumpanegyr00niebgoog_0153.png"; bbox 0 0 3210 5200; ppageno 0'>
   <div class='ocr_carea' id='block_1_1' title="bbox 1022 410 2565 481">
    <p class='ocr_par' dir='ltr' id='par_1_1' title="bbox 1022 410 2565 481">
     <span class='ocr_line' id='line_1_1' title="bbox 1022 410 2565 481; baseline 0.003 -4"><span class='ocrx_word' id='word_1_1' title='bbox 1022 410 1550 479; x_wconf 83' lang='lat' dir='ltr'><strong>IOHANNIDOS</strong></span> <span class='ocrx_word' id='word_1_2' title='bbox 1600 411 1759 480; x_wconf 90' lang='lat' dir='ltr'><strong>LIB.</strong></span> <span class='ocrx_word' id='word_1_3' title='bbox 1808 413 1927 478; x_wconf 85' lang='lat' dir='ltr'><strong>IV.</strong></span> <span class='ocrx_word' id='word_1_4' title='bbox 2470 412 2565 481; x_wconf 79' lang='lat'><strong>75</strong></span> 
     </span>
    </p>
   </div>
   <div class='ocr_carea' id='block_1_2' title="bbox 336 574 2355 4219">
    <p class='ocr_par' dir='ltr' id='par_1_2' title="bbox 336 574 2355 4219">
     <span class='ocr_line' id='line_1_2' title="bbox 543 574 2114 657; baseline -0.001 -19"><span class='ocrx_word' id='word_1_5' title='bbox 543 574 809 638; x_wconf 85' lang='lat' dir='ltr'><strong>mundus</strong></span> <span class='ocrx_word' id='word_1_6' title='bbox 837 574 1035 636; x_wconf 74' lang='lat' dir='ltr'><strong>adhuc</strong></span> <span class='ocrx_word' id='word_1_7' title='bbox 1066 574 1230 637; x_wconf 86' lang='lat' dir='ltr'><strong>rudis</strong></span> <span class='ocrx_word' id='word_1_8' title='bbox 1257 588 1315 636; x_wconf 87' lang='lat' dir='ltr'><strong>et</strong></span> <span class='ocrx_word' id='word_1_9' title='bbox 1343 579 1541 657; x_wconf 74' lang='lat' dir='ltr'><strong>parvis</strong></span> <span class='ocrx_word' id='word_1_10' title='bbox 1567 580 1678 637; x_wconf 69' lang='lat' dir='ltr'><strong>vix</strong></span> <span class='ocrx_word' id='word_1_11' title='bbox 1702 578 1895 639; x_wconf 85' lang='lat' dir='ltr'><strong>laetus</strong></span> <span class='ocrx_word' id='word_1_12' title='bbox 1923 580 2114 638; x_wconf 79' lang='lat' dir='ltr'><strong>aristis</strong></span> 
     </span>
     <span class='ocr_line' id='line_1_3' title="bbox 416 678 2064 759; baseline 0.001 -21"><span class='ocrx_word' id='word_1_13' title='bbox 416 680 501 747; x_wconf 83' lang='lat'><strong>95</strong></span> <span class='ocrx_word' id='word_1_14' title='bbox 542 698 662 738; x_wconf 86' lang='lat' dir='ltr'><strong>non</strong></span> <span class='ocrx_word' id='word_1_15' title='bbox 693 682 890 758; x_wconf 88' lang='lat' dir='ltr'><strong>potuit</strong></span> <span class='ocrx_word' id='word_1_16' title='bbox 917 689 1152 759; x_wconf 78' lang='lat' dir='ltr'><strong>portare</strong></span> <span class='ocrx_word' id='word_1_17' title='bbox 1179 678 1360 753; x_wconf 79' lang='lat' dir='ltr'><strong>duos3</strong></span> <span class='ocrx_word' id='word_1_18' title='bbox 1403 700 1525 739; x_wconf 89' lang='lat' dir='ltr'><strong>non</strong></span> <span class='ocrx_word' id='word_1_19' title='bbox 1551 684 1816 740; x_wconf 79' lang='lat' dir='ltr'><strong>maxima</strong></span> <span class='ocrx_word' id='word_1_20' title='bbox 1845 703 2064 740; x_wconf 85' lang='lat' dir='ltr'><strong>rerum.</strong></span> 
     </span>
     <span class='ocr_line' id='line_1_4' title="bbox 540 784 2253 862; baseline 0.001 -22"><span class='ocrx_word' id='word_1_21' title='bbox 540 784 763 855; x_wconf 81' lang='lat' dir='ltr'><strong>Roma,</strong></span> <span class='ocrx_word' id='word_1_22' title='bbox 808 801 997 841; x_wconf 82' lang='lat' dir='ltr'><strong>novos</strong></span> <span class='ocrx_word' id='word_1_23' title='bbox 1024 785 1264 861; x_wconf 84' lang='lat' dir='ltr'><strong>proprio</strong></span> <span class='ocrx_word' id='word_1_24' title='bbox 1292 801 1446 862; x_wconf 82' lang='lat' dir='ltr'><strong>quae</strong></span> <span class='ocrx_word' id='word_1_25' title='bbox 1473 784 1677 842; x_wconf 78' lang='lat' dir='ltr'>sanxit</span> <span class='ocrx_word' id='word_1_26' title='bbox 1710 787 2001 861; x_wconf 71' lang='lat' dir='ltr'><strong>smnguine</strong></span> <span class='ocrx_word' id='word_1_27' title='bbox 2031 804 2253 841; x_wconf 76' lang='lat' dir='ltr'><strong>muros.</strong></span> 
     </span>
     <span class='ocr_line' id='line_1_5' title="bbox 542 883 1940 958; baseline 0.001 -16"><span class='ocrx_word' id='word_1_28' title='bbox 542 885 780 942; x_wconf 81' lang='lat' dir='ltr'><strong>aemula</strong></span> <span class='ocrx_word' id='word_1_29' title='bbox 817 883 1102 943; x_wconf 74' lang='lat' dir='ltr'><strong>divIditur</strong></span> <span class='ocrx_word' id='word_1_30' title='bbox 1130 884 1374 943; x_wconf 83' lang='lat' dir='ltr'><strong>confusa</strong></span> <span class='ocrx_word' id='word_1_31' title='bbox 1401 895 1604 941; x_wconf 87' lang='lat' dir='ltr'><strong>mente</strong></span> <span class='ocrx_word' id='word_1_32' title='bbox 1627 885 1940 958; x_wconf 45' lang='lat' dir='ltr'><strong>volunta&amp;</strong></span> 
     </span>
     <span class='ocr_line' id='line_1_6' title="bbox 543 983 2132 1067; baseline 0 -23"><span class='ocrx_word' id='word_1_33' title='bbox 543 984 994 1067; x_wconf 79' lang='lat' dir='ltr'><strong>despiciensque</strong></span> <span class='ocrx_word' id='word_1_34' title='bbox 1022 1006 1230 1065; x_wconf 81' lang='lat' dir='ltr'><strong>parem</strong></span> <span class='ocrx_word' id='word_1_35' title='bbox 1256 983 1480 1044; x_wconf 76' lang='lat' dir='ltr'><strong>discors</strong></span> <span class='ocrx_word' id='word_1_36' title='bbox 1507 988 1835 1065; x_wconf 78' lang='lat' dir='ltr'><strong>permansit</strong></span> <span class='ocrx_word' id='word_1_37' title='bbox 1860 997 2132 1067; x_wconf 81' lang='lat' dir='ltr'><strong>uterque.</strong></span> 
     </span>
     <span class='ocr_line' id='line_1_7' title="bbox 544 1065 1955 1168; baseline 0.002 -24"><span class='ocrx_word' id='word_1_38' title='bbox 544 1083 827 1147; x_wconf 86' lang='lat' dir='ltr'><strong>dividitur</strong></span> <span class='ocrx_word' id='word_1_39' title='bbox 860 1091 1129 1168; x_wconf 86' lang='lat' dir='ltr'><strong>geminas</strong></span> <span class='ocrx_word' id='word_1_40' title='bbox 1158 1089 1313 1167; x_wconf 84' lang='lat' dir='ltr'><strong>inter</strong></span> <span class='ocrx_word' id='word_1_41' title='bbox 1337 1107 1431 1145; x_wconf 83' lang='lat' dir='ltr'><strong>res</strong></span> <span class='ocrx_word' id='word_1_42' title='bbox 1456 1065 1697 1166; x_wconf 83' lang='lat' dir='ltr'><strong>publica</strong></span> <span class='ocrx_word' id='word_1_43' title='bbox 1724 1098 1955 1167; x_wconf 79' lang='lat' dir='ltr'><strong>partes:</strong></span> 
     </span>
     <span class='ocr_line' id='line_1_8' title="bbox 375 1187 2234 1272; baseline 0.001 -24"><span class='ocrx_word' id='word_1_44' title='bbox 375 1197 498 1257; x_wconf 90' lang='grc'><strong>100</strong></span> <span class='ocrx_word' id='word_1_45' title='bbox 538 1193 791 1272; x_wconf 84' lang='lat' dir='ltr'><strong>quisque</strong></span> <span class='ocrx_word' id='word_1_46' title='bbox 814 1210 952 1249; x_wconf 88' lang='lat' dir='ltr'><strong>suos</strong></span> <span class='ocrx_word' id='word_1_47' title='bbox 975 1199 1218 1248; x_wconf 88' lang='lat' dir='ltr'><strong>tenuere</strong></span> <span class='ocrx_word' id='word_1_48' title='bbox 1248 1187 1461 1262; x_wconf 78' lang='lat' dir='ltr'><strong>duces3</strong></span> <span class='ocrx_word' id='word_1_49' title='bbox 1513 1187 1779 1271; x_wconf 87' lang='lat' dir='ltr'><strong>dumque</strong></span> <span class='ocrx_word' id='word_1_50' title='bbox 1808 1191 1912 1247; x_wconf 90' lang='lat' dir='ltr'><strong>ille</strong></span> <span class='ocrx_word' id='word_1_51' title='bbox 1945 1193 2234 1270; x_wconf 82' lang='lat' dir='ltr'><strong>superbus</strong></span> 
     </span>
     <span class='ocr_line' id='line_1_9' title="bbox 482 1291 2270 1371; baseline 0.001 -20"><span class='ocrx_word' id='word_1_52' title='bbox 482 1291 487 1296; x_wconf 83' lang='grc'><strong>’</strong></span> <span class='ocrx_word' id='word_1_53' title='bbox 537 1312 604 1352; x_wconf 83' lang='lat' dir='ltr'><strong>se</strong></span> <span class='ocrx_word' id='word_1_54' title='bbox 631 1294 894 1371; x_wconf 86' lang='lat' dir='ltr'><strong>primum</strong></span> <span class='ocrx_word' id='word_1_55' title='bbox 918 1312 1049 1350; x_wconf 84' lang='lat' dir='ltr'><strong>esse</strong></span> <span class='ocrx_word' id='word_1_56' title='bbox 1071 1300 1274 1370; x_wconf 81' lang='lat' dir='ltr'><strong>putat,</strong></span> <span class='ocrx_word' id='word_1_57' title='bbox 1316 1311 1439 1350; x_wconf 90' lang='lat' dir='ltr'><strong>non</strong></span> <span class='ocrx_word' id='word_1_58' title='bbox 1467 1312 1531 1350; x_wconf 88' lang='lat' dir='ltr'><strong>se</strong></span> <span class='ocrx_word' id='word_1_59' title='bbox 1560 1302 1763 1350; x_wconf 85' lang='lat' dir='ltr'><strong>tamen</strong></span> <span class='ocrx_word' id='word_1_60' title='bbox 1790 1295 1896 1352; x_wconf 80' lang='lat' dir='ltr'><strong>ifle</strong></span> <span class='ocrx_word' id='word_1_61' title='bbox 1921 1295 2270 1369; x_wconf 85' lang='lat' dir='ltr'><strong>secundum,</strong></span> 
     </span>
     <span class='ocr_line' id='line_1_10' title="bbox 537 1393 1875 1473; baseline 0 -19"><span class='ocrx_word' id='word_1_62' title='bbox 537 1396 737 1454; x_wconf 77' lang='lat' dir='ltr'><strong>Africa</strong></span> <span class='ocrx_word' id='word_1_63' title='bbox 764 1395 1084 1452; x_wconf 75' lang='lat' dir='ltr'>barbaricis</span> <span class='ocrx_word' id='word_1_64' title='bbox 1110 1395 1348 1473; x_wconf 80' lang='lat' dir='ltr'><strong>planxit</strong></span> <span class='ocrx_word' id='word_1_65' title='bbox 1374 1393 1601 1452; x_wconf 85' lang='lat' dir='ltr'><strong>nudata</strong></span> <span class='ocrx_word' id='word_1_66' title='bbox 1630 1396 1875 1473; x_wconf 85' lang='lat' dir='ltr'><strong>rapinis.</strong></span> 
     </span>
     <span class='ocr_line' id='line_1_11' title="bbox 537 1495 1976 1577; baseline 0 -21"><span class='ocrx_word' id='word_1_67' title='bbox 537 1496 848 1556; x_wconf 88' lang='lat' dir='ltr'><strong>ductorum</strong></span> <span class='ocrx_word' id='word_1_68' title='bbox 872 1499 1073 1571; x_wconf 86' lang='lat' dir='ltr'><strong>iussu,</strong></span> <span class='ocrx_word' id='word_1_69' title='bbox 1118 1498 1332 1554; x_wconf 90' lang='lat' dir='ltr'><strong>merito</strong></span> <span class='ocrx_word' id='word_1_70' title='bbox 1357 1497 1646 1577; x_wconf 83' lang='lat' dir='ltr'><strong>fortisque</strong></span> <span class='ocrx_word' id='word_1_71' title='bbox 1672 1495 1976 1573; x_wconf 86' lang='lat' dir='ltr'><strong>Iohannis,</strong></span> 
     </span>
     <span class='ocr_line' id='line_1_12' title="bbox 535 1597 1972 1678; baseline 0 -20"><span class='ocrx_word' id='word_1_72' title='bbox 535 1611 837 1658; x_wconf 79' lang='lat' dir='ltr'><strong>tentavere</strong></span> <span class='ocrx_word' id='word_1_73' title='bbox 871 1599 1032 1656; x_wconf 82' lang='lat' dir='ltr'><strong>feros</strong></span> <span class='ocrx_word' id='word_1_74' title='bbox 1059 1600 1264 1678; x_wconf 77' lang='lat' dir='ltr'><strong>aequis</strong></span> <span class='ocrx_word' id='word_1_75' title='bbox 1290 1618 1413 1657; x_wconf 90' lang='lat' dir='ltr'><strong>non</strong></span> <span class='ocrx_word' id='word_1_76' title='bbox 1436 1601 1706 1677; x_wconf 81' lang='lat' dir='ltr'><strong>partibus</strong></span> <span class='ocrx_word' id='word_1_77' title='bbox 1734 1597 1972 1659; x_wconf 78' lang='lat' dir='ltr'><strong>hostes:</strong></span> 
     </span>
     <span class='ocr_line' id='line_1_13' title="bbox 373 1699 1944 1780; baseline -0.001 -19"><span class='ocrx_word' id='word_1_78' title='bbox 373 1701 490 1767; x_wconf 84' lang='lat'><strong>105</strong></span> <span class='ocrx_word' id='word_1_79' title='bbox 532 1701 640 1762; x_wconf 84' lang='lat' dir='ltr'><strong>sed</strong></span> <span class='ocrx_word' id='word_1_80' title='bbox 667 1703 808 1759; x_wconf 80' lang='lat' dir='ltr'><strong>victi</strong></span> <span class='ocrx_word' id='word_1_81' title='bbox 832 1700 1059 1780; x_wconf 86' lang='lat' dir='ltr'><strong>petiere</strong></span> <span class='ocrx_word' id='word_1_82' title='bbox 1086 1700 1327 1779; x_wconf 69' lang='lat' dir='ltr'><strong>fugmm</strong></span> <span class='ocrx_word' id='word_1_83' title='bbox 1402 1699 1697 1759; x_wconf 84' lang='lat' dir='ltr'><strong>discordia</strong></span> <span class='ocrx_word' id='word_1_84' title='bbox 1725 1705 1944 1760; x_wconf 86' lang='lat' dir='ltr'><strong>mentis</strong></span> 
     </span>
     <span class='ocr_line' id='line_1_14' title="bbox 530 1801 2030 1884; baseline -0.001 -20"><span class='ocrx_word' id='word_1_85' title='bbox 530 1807 672 1864; x_wconf 80' lang='lat' dir='ltr'><strong>vicit</strong></span> <span class='ocrx_word' id='word_1_86' title='bbox 702 1824 901 1863; x_wconf 86' lang='lat' dir='ltr'><strong>amare</strong></span> <span class='ocrx_word' id='word_1_87' title='bbox 927 1804 1108 1861; x_wconf 81' lang='lat' dir='ltr'><strong>viros.</strong></span> <span class='ocrx_word' id='word_1_88' title='bbox 1195 1822 1396 1862; x_wconf 84' lang='lat' dir='ltr'><strong>rursus</strong></span> <span class='ocrx_word' id='word_1_89' title='bbox 1428 1801 1554 1861; x_wconf 84' lang='lat' dir='ltr'><strong>dux</strong></span> <span class='ocrx_word' id='word_1_90' title='bbox 1575 1807 1705 1884; x_wconf 73' lang='lat' dir='ltr'><strong>ipse</strong></span> <span class='ocrx_word' id='word_1_91' title='bbox 1733 1802 2030 1863; x_wconf 82' lang='lat' dir='ltr'><strong>lohannes</strong></span> 
     </span>
     <span class='ocr_line' id='line_1_15' title="bbox 531 1904 2049 1988; baseline -0.001 -21"><span class='ocrx_word' id='word_1_92' title='bbox 531 1910 703 1988; x_wconf 85' lang='lat' dir='ltr'><strong>signa</strong></span> <span class='ocrx_word' id='word_1_93' title='bbox 732 1925 983 1967; x_wconf 78' lang='lat' dir='ltr'><strong>movens</strong></span> <span class='ocrx_word' id='word_1_94' title='bbox 1009 1904 1227 1965; x_wconf 87' lang='lat' dir='ltr'><strong>densos</strong></span> <span class='ocrx_word' id='word_1_95' title='bbox 1251 1908 1361 1963; x_wconf 77' lang='lat' dir='ltr'><strong>ivit</strong></span> <span class='ocrx_word' id='word_1_96' title='bbox 1388 1909 1711 1965; x_wconf 84' lang='lat' dir='ltr'><strong>moriturus</strong></span> <span class='ocrx_word' id='word_1_97' title='bbox 1736 1908 1801 1964; x_wconf 90' lang='lat' dir='ltr'><strong>in</strong></span> <span class='ocrx_word' id='word_1_98' title='bbox 1823 1904 2049 1966; x_wconf 88' lang='lat' dir='ltr'><strong>hostes.</strong></span> 
     </span>
     <span class='ocr_line' id='line_1_16' title="bbox 529 2008 1836 2088; baseline -0.001 -18"><span class='ocrx_word' id='word_1_99' title='bbox 529 2012 780 2071; x_wconf 82' lang='lat' dir='ltr'><strong>confisus</strong></span> <span class='ocrx_word' id='word_1_100' title='bbox 807 2010 1025 2065; x_wconf 76' lang='lat' dir='ltr'><strong>virtute</strong></span> <span class='ocrx_word' id='word_1_101' title='bbox 1050 2026 1191 2081; x_wconf 82' lang='lat' dir='ltr'><strong>sna,</strong></span> <span class='ocrx_word' id='word_1_102' title='bbox 1234 2008 1537 2088; x_wconf 86' lang='lat' dir='ltr'><strong>fortesque</strong></span> <span class='ocrx_word' id='word_1_103' title='bbox 1566 2009 1836 2069; x_wconf 85' lang='lat' dir='ltr'><strong>tribunos</strong></span> 
     </span>
     <span class='ocr_line' id='line_1_17' title="bbox 531 2106 2249 2183; baseline -0.001 -11"><span class='ocrx_word' id='word_1_104' title='bbox 531 2133 737 2172; x_wconf 89' lang='lat' dir='ltr'><strong>secum</strong></span> <span class='ocrx_word' id='word_1_105' title='bbox 767 2109 846 2168; x_wconf 80' lang='lat' dir='ltr'><strong>ad</strong></span> <span class='ocrx_word' id='word_1_106' title='bbox 875 2109 1036 2174; x_wconf 81' lang='lat' dir='ltr'><strong>bella</strong></span> <span class='ocrx_word' id='word_1_107' title='bbox 1064 2106 1337 2183; x_wconf 83' lang='lat' dir='ltr'><strong>trahens,</strong></span> <span class='ocrx_word' id='word_1_108' title='bbox 1380 2113 1563 2168; x_wconf 85' lang='lat' dir='ltr'><strong>tantis</strong></span> <span class='ocrx_word' id='word_1_109' title='bbox 1596 2129 1942 2169; x_wconf 86' lang='lat' dir='ltr'><strong>concurrere</strong></span> <span class='ocrx_word' id='word_1_110' title='bbox 1970 2114 2249 2170; x_wconf 74' lang='lat' dir='ltr'><strong>monstris</strong></span> 
     </span>
     <span class='ocr_line' id='line_1_18' title="bbox 364 2208 2064 2291; baseline -0.001 -18"><span class='ocrx_word' id='word_1_111' title='bbox 364 2219 484 2281; x_wconf 87' lang='lat'><strong>110</strong></span> <span class='ocrx_word' id='word_1_112' title='bbox 523 2234 647 2273; x_wconf 83' lang='lat' dir='ltr'><strong>non</strong></span> <span class='ocrx_word' id='word_1_113' title='bbox 676 2214 897 2272; x_wconf 81' lang='lat' dir='ltr'><strong>timuit.</strong></span> <span class='ocrx_word' id='word_1_114' title='bbox 988 2208 1172 2269; x_wconf 78' lang='lat' dir='ltr'><strong>durae</strong></span> <span class='ocrx_word' id='word_1_115' title='bbox 1201 2215 1555 2291; x_wconf 83' lang='lat' dir='ltr'><strong>contempsit</strong></span> <span class='ocrx_word' id='word_1_116' title='bbox 1582 2215 1830 2272; x_wconf 81' lang='lat' dir='ltr'><strong>vulnera</strong></span> <span class='ocrx_word' id='word_1_117' title='bbox 1855 2217 2064 2273; x_wconf 86' lang='lat' dir='ltr'><strong>mortis</strong></span> 
     </span>
     <span class='ocr_line' id='line_1_19' title="bbox 522 2314 2097 2397; baseline 0.001 -23"><span class='ocrx_word' id='word_1_118' title='bbox 522 2337 631 2397; x_wconf 86' lang='lat' dir='ltr'><strong>pro</strong></span> <span class='ocrx_word' id='word_1_119' title='bbox 660 2318 849 2395; x_wconf 84' lang='lat' dir='ltr'><strong>patria</strong></span> <span class='ocrx_word' id='word_1_120' title='bbox 881 2324 1189 2373; x_wconf 85' lang='lat' dir='ltr'><strong>contentus</strong></span> <span class='ocrx_word' id='word_1_121' title='bbox 1221 2333 1406 2372; x_wconf 84' lang='lat' dir='ltr'><strong>amor.</strong></span> <span class='ocrx_word' id='word_1_122' title='bbox 1492 2320 1787 2393; x_wconf 73' lang='lat' dir='ltr'><strong>persensit</strong></span> <span class='ocrx_word' id='word_1_123' title='bbox 1816 2327 1881 2374; x_wconf 88' lang='lat' dir='ltr'><strong>ut</strong></span> <span class='ocrx_word' id='word_1_124' title='bbox 1906 2314 2097 2376; x_wconf 86' lang='lat' dir='ltr'><strong>hostis</strong></span> 
     </span>
     <span class='ocr_line' id='line_1_20' title="bbox 526 2416 1946 2496; baseline -0.002 -19"><span class='ocrx_word' id='word_1_125' title='bbox 526 2417 850 2477; x_wconf 81' lang='lat' dir='ltr'><strong>adventum</strong></span> <span class='ocrx_word' id='word_1_126' title='bbox 882 2435 1199 2495; x_wconf 86' lang='lat' dir='ltr'><strong>properare</strong></span> <span class='ocrx_word' id='word_1_127' title='bbox 1229 2416 1376 2490; x_wconf 85' lang='lat' dir='ltr'><strong>feri,</strong></span> <span class='ocrx_word' id='word_1_128' title='bbox 1420 2437 1543 2475; x_wconf 86' lang='lat' dir='ltr'><strong>non</strong></span> <span class='ocrx_word' id='word_1_129' title='bbox 1572 2421 1814 2496; x_wconf 82' lang='lat' dir='ltr'><strong>segnior</strong></span> <span class='ocrx_word' id='word_1_130' title='bbox 1842 2420 1946 2475; x_wconf 90' lang='lat' dir='ltr'><strong>ille</strong></span> 
     </span>
     <span class='ocr_line' id='line_1_21' title="bbox 526 2516 2146 2603; baseline -0.001 -24"><span class='ocrx_word' id='word_1_131' title='bbox 526 2521 779 2603; x_wconf 84' lang='lat' dir='ltr'><strong>(sponte</strong></span> <span class='ocrx_word' id='word_1_132' title='bbox 804 2521 953 2598; x_wconf 83' lang='lat' dir='ltr'><strong>petit</strong></span> <span class='ocrx_word' id='word_1_133' title='bbox 978 2516 1277 2596; x_wconf 87' lang='lat' dir='ltr'><strong>mortem)</strong></span> <span class='ocrx_word' id='word_1_134' title='bbox 1320 2522 1546 2597; x_wconf 89' lang='lat' dir='ltr'><strong>campis</strong></span> <span class='ocrx_word' id='word_1_135' title='bbox 1573 2539 1681 2577; x_wconf 81' lang='lat' dir='ltr'><strong>sua</strong></span> <span class='ocrx_word' id='word_1_136' title='bbox 1711 2521 1881 2597; x_wconf 79' lang='lat' dir='ltr'><strong>signa</strong></span> <span class='ocrx_word' id='word_1_137' title='bbox 1907 2520 2146 2594; x_wconf 76' lang='lat' dir='ltr'><strong>locavit,</strong></span> 
     </span>
     <span class='ocr_line' id='line_1_22' title="bbox 523 2614 1960 2683; baseline -0.002 0"><span class='ocrx_word' id='word_1_138' title='bbox 523 2636 582 2682; x_wconf 86' lang='lat' dir='ltr'><strong>et</strong></span> <span class='ocrx_word' id='word_1_139' title='bbox 614 2626 789 2683; x_wconf 85' lang='lat' dir='ltr'><strong>sociis</strong></span> <span class='ocrx_word' id='word_1_140' title='bbox 820 2624 906 2680; x_wconf 83' lang='lat' dir='ltr'><strong>sic</strong></span> <span class='ocrx_word' id='word_1_141' title='bbox 931 2622 1118 2679; x_wconf 82' lang='lat' dir='ltr'><strong>fretus</strong></span> <span class='ocrx_word' id='word_1_142' title='bbox 1152 2622 1255 2680; x_wconf 83' lang='lat' dir='ltr'><strong>ait.</strong></span> <span class='ocrx_word' id='word_1_143' title='bbox 1335 2614 1740 2681; x_wconf 80' lang='lat' dir='ltr'><strong>‘contemnere</strong></span> <span class='ocrx_word' id='word_1_144' title='bbox 1770 2625 1960 2680; x_wconf 76' lang='lat' dir='ltr'><strong>vitam</strong></span> 
     </span>
     <span class='ocr_line' id='line_1_23' title="bbox 360 2714 2281 2806; baseline 0 -23"><span class='ocrx_word' id='word_1_145' title='bbox 360 2714 478 2794; x_wconf 83' lang='grc'><strong>115</strong></span> <span class='ocrx_word' id='word_1_146' title='bbox 517 2747 625 2806; x_wconf 89' lang='lat' dir='ltr'><strong>pro</strong></span> <span class='ocrx_word' id='word_1_147' title='bbox 651 2726 871 2805; x_wconf 83' lang='lat' dir='ltr'><strong>patria,</strong></span> <span class='ocrx_word' id='word_1_148' title='bbox 915 2721 1068 2782; x_wconf 81' lang='lat' dir='ltr'><strong>haec</strong></span> <span class='ocrx_word' id='word_1_149' title='bbox 1097 2733 1186 2782; x_wconf 85' lang='lat' dir='ltr'><strong>est</strong></span> <span class='ocrx_word' id='word_1_150' title='bbox 1216 2726 1338 2782; x_wconf 77' lang='lat' dir='ltr'><strong>vita</strong></span> <span class='ocrx_word' id='word_1_151' title='bbox 1366 2727 1583 2802; x_wconf 86' lang='lat' dir='ltr'><strong>magis.</strong></span> <span class='ocrx_word' id='word_1_152' title='bbox 1668 2744 1831 2782; x_wconf 86' lang='lat' dir='ltr'><strong>mors</strong></span> <span class='ocrx_word' id='word_1_153' title='bbox 1860 2724 1995 2803; x_wconf 87' lang='lat' dir='ltr'><strong>lege</strong></span> <span class='ocrx_word' id='word_1_154' title='bbox 2024 2725 2281 2783; x_wconf 77' lang='lat' dir='ltr'><strong>tonantis</strong></span> 
     </span>
     <span class='ocr_line' id='line_1_24' title="bbox 520 2826 2041 2905; baseline -0.001 -20"><span class='ocrx_word' id='word_1_155' title='bbox 520 2826 780 2885; x_wconf 84' lang='lat' dir='ltr'><strong>humano</strong></span> <span class='ocrx_word' id='word_1_156' title='bbox 808 2828 930 2884; x_wconf 84' lang='lat' dir='ltr'><strong>lata</strong></span> <span class='ocrx_word' id='word_1_157' title='bbox 960 2836 1049 2883; x_wconf 90' lang='lat' dir='ltr'><strong>est</strong></span> <span class='ocrx_word' id='word_1_158' title='bbox 1073 2829 1315 2903; x_wconf 83' lang='lat' dir='ltr'><strong>generi,</strong></span> <span class='ocrx_word' id='word_1_159' title='bbox 1358 2846 1471 2884; x_wconf 90' lang='lat' dir='ltr'><strong>nec</strong></span> <span class='ocrx_word' id='word_1_160' title='bbox 1502 2830 1786 2905; x_wconf 79' lang='lat' dir='ltr'><strong>praeterit</strong></span> <span class='ocrx_word' id='word_1_161' title='bbox 1811 2827 2041 2885; x_wconf 85' lang='lat' dir='ltr'><strong>ullum:</strong></span> 
     </span>
     <span class='ocr_line' id='line_1_25' title="bbox 517 2927 2253 3010; baseline -0.001 -22"><span class='ocrx_word' id='word_1_162' title='bbox 517 2950 660 2988; x_wconf 87' lang='lat' dir='ltr'><strong>nam</strong></span> <span class='ocrx_word' id='word_1_163' title='bbox 687 2930 887 2988; x_wconf 77' lang='lat' dir='ltr'><strong>veniet</strong></span> <span class='ocrx_word' id='word_1_164' title='bbox 913 2948 1269 3010; x_wconf 86' lang='lat' dir='ltr'><strong>quocunque</strong></span> <span class='ocrx_word' id='word_1_165' title='bbox 1303 2927 1508 2988; x_wconf 86' lang='lat' dir='ltr'><strong>modo.</strong></span> <span class='ocrx_word' id='word_1_166' title='bbox 1595 2927 1939 2989; x_wconf 80' lang='lat' dir='ltr'><strong>sed.mortis</strong></span> <span class='ocrx_word' id='word_1_167' title='bbox 1968 2928 2253 2989; x_wconf 77' lang='lat' dir='ltr'><strong>honestae</strong></span> 
     </span>
     <span class='ocr_line' id='line_1_26' title="bbox 516 3029 2355 3113; baseline 0 -22"><span class='ocrx_word' id='word_1_168' title='bbox 516 3052 784 3092; x_wconf 86' lang='lat' dir='ltr'><strong>summus</strong></span> <span class='ocrx_word' id='word_1_169' title='bbox 813 3029 1009 3090; x_wconf 88' lang='lat' dir='ltr'><strong>honor</strong></span> <span class='ocrx_word' id='word_1_170' title='bbox 1041 3050 1429 3111; x_wconf 86' lang='lat' dir='ltr'><strong>summusque</strong></span> <span class='ocrx_word' id='word_1_171' title='bbox 1458 3031 1633 3089; x_wconf 79' lang='lat' dir='ltr'><strong>favor</strong></span> <span class='ocrx_word' id='word_1_172' title='bbox 1663 3031 1974 3113; x_wconf 84' lang='lat' dir='ltr'><strong>dulcisque</strong></span> <span class='ocrx_word' id='word_1_173' title='bbox 2004 3031 2219 3111; x_wconf 84' lang='lat' dir='ltr'><strong>cupido</strong></span> <span class='ocrx_word' id='word_1_174' title='bbox 2247 3044 2355 3093; x_wconf 82' lang='lat' dir='ltr'><strong>est.</strong></span> 
     </span>
     <span class='ocr_line' id='line_1_27' title="bbox 516 3131 2143 3214; baseline 0.001 -23"><span class='ocrx_word' id='word_1_175' title='bbox 516 3131 703 3193; x_wconf 85' lang='lat' dir='ltr'><strong>hostis</strong></span> <span class='ocrx_word' id='word_1_176' title='bbox 733 3133 936 3209; x_wconf 85' lang='lat' dir='ltr'><strong>adest,</strong></span> <span class='ocrx_word' id='word_1_177' title='bbox 982 3136 1147 3192; x_wconf 87' lang='lat' dir='ltr'><strong>socii.</strong></span> <span class='ocrx_word' id='word_1_178' title='bbox 1235 3135 1511 3214; x_wconf 87' lang='lat' dir='ltr'><strong>quotiens</strong></span> <span class='ocrx_word' id='word_1_179' title='bbox 1542 3134 1847 3213; x_wconf 80' lang='lat' dir='ltr'><strong>fugiemus</strong></span> <span class='ocrx_word' id='word_1_180' title='bbox 1880 3138 2143 3193; x_wconf 86' lang='lat' dir='ltr'><strong>amicum</strong></span> 
     </span>
     <span class='ocr_line' id='line_1_28' title="bbox 345 3234 2051 3316; baseline -0.003 -15"><span class='ocrx_word' id='word_1_181' title='bbox 345 3238 473 3301; x_wconf 79' lang='lat'><strong>120</strong></span> <span class='ocrx_word' id='word_1_182' title='bbox 513 3237 718 3294; x_wconf 76' lang='lat' dir='ltr'><strong>Martis</strong></span> <span class='ocrx_word' id='word_1_183' title='bbox 747 3234 939 3316; x_wconf 61' lang='lat' dir='ltr'><strong>opus?</strong></span> <span class='ocrx_word' id='word_1_184' title='bbox 1012 3237 1303 3316; x_wconf 82' lang='lat' dir='ltr'><strong>,quotiens</strong></span> <span class='ocrx_word' id='word_1_185' title='bbox 1328 3237 1614 3314; x_wconf 81' lang='lat' dir='ltr'><strong>fugitivos</strong></span> <span class='ocrx_word' id='word_1_186' title='bbox 1642 3236 1834 3296; x_wconf 86' lang='lat' dir='ltr'><strong>rideat</strong></span> <span class='ocrx_word' id='word_1_187' title='bbox 1858 3235 2051 3297; x_wconf 87' lang='lat' dir='ltr'><strong>hostis</strong></span> 
     </span>
     <span class='ocr_line' id='line_1_29' title="bbox 516 3335 2189 3421; baseline 0.002 -27"><span class='ocrx_word' id='word_1_188' title='bbox 516 3338 909 3419; x_wconf 85' lang='lat' dir='ltr'><strong>imbellesque</strong></span> <span class='ocrx_word' id='word_1_189' title='bbox 939 3335 1153 3417; x_wconf 63' lang='lat' dir='ltr'><strong>putet?</strong></span> <span class='ocrx_word' id='word_1_190' title='bbox 1238 3357 1399 3396; x_wconf 87' lang='lat' dir='ltr'><strong>nunc</strong></span> <span class='ocrx_word' id='word_1_191' title='bbox 1432 3348 1521 3397; x_wconf 84' lang='lat' dir='ltr'><strong>est</strong></span> <span class='ocrx_word' id='word_1_192' title='bbox 1548 3348 1779 3398; x_wconf 87' lang='lat' dir='ltr'><strong>tentare</strong></span> <span class='ocrx_word' id='word_1_193' title='bbox 1813 3339 1961 3421; x_wconf 88' lang='lat' dir='ltr'><strong>quid</strong></span> <span class='ocrx_word' id='word_1_194' title='bbox 1987 3341 2189 3414; x_wconf 77' lang='lat' dir='ltr'><strong>instat,</strong></span> 
     </span>
     <span class='ocr_line' id='line_1_30' title="bbox 514 3438 2119 3521; baseline 0.002 -24"><span class='ocrx_word' id='word_1_195' title='bbox 514 3460 671 3498; x_wconf 89' lang='lat' dir='ltr'><strong>nunc</strong></span> <span class='ocrx_word' id='word_1_196' title='bbox 699 3442 935 3501; x_wconf 78' lang='lat' dir='ltr'><strong>virtutis</strong></span> <span class='ocrx_word' id='word_1_197' title='bbox 962 3459 1133 3519; x_wconf 86' lang='lat' dir='ltr'><strong>opus.</strong></span> <span class='ocrx_word' id='word_1_198' title='bbox 1218 3458 1459 3518; x_wconf 86' lang='lat' dir='ltr'><strong>semper</strong></span> <span class='ocrx_word' id='word_1_199' title='bbox 1482 3438 1636 3498; x_wconf 86' lang='lat' dir='ltr'><strong>mihi</strong></span> <span class='ocrx_word' id='word_1_200' title='bbox 1665 3446 1902 3521; x_wconf 85' lang='lat' dir='ltr'><strong>cognita</strong></span> <span class='ocrx_word' id='word_1_201' title='bbox 1929 3446 2119 3502; x_wconf 76' lang='lat' dir='ltr'><strong>virtus</strong></span> 
     </span>
     <span class='ocr_line' id='line_1_31' title="bbox 513 3540 2188 3623; baseline -0.001 -22"><span class='ocrx_word' id='word_1_202' title='bbox 513 3554 740 3617; x_wconf 78' lang='lat' dir='ltr'><strong>vestra,</strong></span> <span class='ocrx_word' id='word_1_203' title='bbox 785 3544 934 3618; x_wconf 75' lang='lat' dir='ltr'><strong>viri,</strong></span> <span class='ocrx_word' id='word_1_204' title='bbox 979 3561 1332 3621; x_wconf 84' lang='lat' dir='ltr'><strong>semperque</strong></span> <span class='ocrx_word' id='word_1_205' title='bbox 1357 3540 1529 3601; x_wconf 86' lang='lat' dir='ltr'><strong>fides.</strong></span> <span class='ocrx_word' id='word_1_206' title='bbox 1619 3546 1984 3623; x_wconf 74' lang='lat' dir='ltr'><strong>consurgite,</strong></span> <span class='ocrx_word' id='word_1_207' title='bbox 2030 3547 2188 3602; x_wconf 76' lang='lat' dir='ltr'><strong>cives</strong></span> 
     </span>
     <span class='ocr_line' id='line_1_32' title="bbox 510 3643 1985 3726; baseline 0.003 -24"><span class='ocrx_word' id='word_1_208' title='bbox 510 3646 763 3703; x_wconf 80' lang='lat' dir='ltr'><strong>Romani</strong></span> <span class='ocrx_word' id='word_1_209' title='bbox 780 3689 797 3720; x_wconf 83' lang='lat'>‚</span> <span class='ocrx_word' id='word_1_210' title='bbox 840 3664 949 3724; x_wconf 89' lang='lat' dir='ltr'><strong>pro</strong></span> <span class='ocrx_word' id='word_1_211' title='bbox 975 3643 1155 3703; x_wconf 79' lang='lat' dir='ltr'><strong>leude</strong></span> <span class='ocrx_word' id='word_1_212' title='bbox 1180 3646 1302 3724; x_wconf 86' lang='lat' dir='ltr'><strong>pii,</strong></span> <span class='ocrx_word' id='word_1_213' title='bbox 1338 3654 1672 3726; x_wconf 82' lang='lat' dir='ltr'><strong>gentesque</strong></span> <span class='ocrx_word' id='word_1_214' title='bbox 1700 3648 1985 3726; x_wconf 84' lang='lat' dir='ltr'><strong>superbas</strong></span> 
     </span>
     <span class='ocr_line' id='line_1_33' title="bbox 336 3742 2244 3829; baseline 0.001 -27"><span class='ocrx_word' id='word_1_215' title='bbox 336 3745 465 3810; x_wconf 76' lang='lat'><strong>125</strong></span> <span class='ocrx_word' id='word_1_216' title='bbox 508 3746 785 3824; x_wconf 81' lang='lat' dir='ltr'><strong>frangite.</strong></span> <span class='ocrx_word' id='word_1_217' title='bbox 873 3750 995 3806; x_wconf 83' lang='lat' dir='ltr'><strong>iam</strong></span> <span class='ocrx_word' id='word_1_218' title='bbox 1022 3757 1257 3806; x_wconf 82' lang='lat' dir='ltr'><strong>tantum</strong></span> <span class='ocrx_word' id='word_1_219' title='bbox 1289 3745 1537 3807; x_wconf 86' lang='lat' dir='ltr'><strong>ducibus</strong></span> <span class='ocrx_word' id='word_1_220' title='bbox 1569 3762 1869 3809; x_wconf 74' lang='lat' dir='ltr'><strong>removete</strong></span> <span class='ocrx_word' id='word_1_221' title='bbox 1898 3742 2244 3829; x_wconf 80' lang='lat' dir='ltr'><strong>pudorem.⁰</strong></span> 
     </span>
     <span class='ocr_line' id='line_1_34' title="bbox 509 3848 2039 3928; baseline 0.003 -24"><span class='ocrx_word' id='word_1_222' title='bbox 509 3849 607 3905; x_wconf 80' lang='lat' dir='ltr'><strong>fac</strong></span> <span class='ocrx_word' id='word_1_223' title='bbox 639 3868 750 3905; x_wconf 89' lang='lat' dir='ltr'><strong>nos</strong></span> <span class='ocrx_word' id='word_1_224' title='bbox 781 3848 939 3907; x_wconf 79' lang='lat' dir='ltr'><strong>velle</strong></span> <span class='ocrx_word' id='word_1_225' title='bbox 973 3849 1218 3928; x_wconf 82' lang='lat' dir='ltr'><strong>fugam:</strong></span> <span class='ocrx_word' id='word_1_226' title='bbox 1261 3850 1547 3927; x_wconf 79' lang='lat' dir='ltr'><strong>fugitivos</strong></span> <span class='ocrx_word' id='word_1_227' title='bbox 1576 3854 1825 3910; x_wconf 89' lang='lat' dir='ltr'><strong>conterit</strong></span> <span class='ocrx_word' id='word_1_228' title='bbox 1850 3849 2039 3911; x_wconf 78' lang='lat' dir='ltr'><strong>hostis</strong></span> 
     </span>
     <span class='ocr_line' id='line_1_35' title="bbox 506 3942 2084 4027; baseline 0.002 -19"><span class='ocrx_word' id='word_1_229' title='bbox 506 3950 769 4010; x_wconf 84' lang='lat' dir='ltr'><strong>feminea</strong></span> <span class='ocrx_word' id='word_1_230' title='bbox 797 3971 959 4009; x_wconf 88' lang='lat' dir='ltr'><strong>nunc</strong></span> <span class='ocrx_word' id='word_1_231' title='bbox 987 3962 1180 4013; x_wconf 84' lang='lat' dir='ltr'><strong>morte</strong></span> <span class='ocrx_word' id='word_1_232' title='bbox 1206 3954 1385 4011; x_wconf 77' lang='lat' dir='ltr'><strong>viros.</strong></span> <span class='ocrx_word' id='word_1_233' title='bbox 1474 3956 1799 4013; x_wconf 80' lang='lat' dir='ltr'><strong>convertite</strong></span> <span class='ocrx_word' id='word_1_234' title='bbox 1830 3942 2084 4027; x_wconf 77' lang='lat' dir='ltr'><strong>mentes,</strong></span> 
     </span>
     <span class='ocr_line' id='line_1_36' title="bbox 509 4050 1974 4131; baseline 0.005 -24"><span class='ocrx_word' id='word_1_235' title='bbox 509 4060 568 4108; x_wconf 86' lang='lat' dir='ltr'><strong>et</strong></span> <span class='ocrx_word' id='word_1_236' title='bbox 594 4054 804 4131; x_wconf 78' lang='lat' dir='ltr'><strong>procul</strong></span> <span class='ocrx_word' id='word_1_237' title='bbox 828 4072 863 4111; x_wconf 84' lang='lat' dir='ltr'><strong>a</strong></span> <span class='ocrx_word' id='word_1_238' title='bbox 889 4055 1105 4114; x_wconf 80' lang='lat' dir='ltr'><strong>nostris</strong></span> <span class='ocrx_word' id='word_1_239' title='bbox 1137 4050 1405 4111; x_wconf 86' lang='lat' dir='ltr'><strong>discedat</strong></span> <span class='ocrx_word' id='word_1_240' title='bbox 1436 4050 1696 4115; x_wconf 85' lang='lat' dir='ltr'><strong>dedecus</strong></span> <span class='ocrx_word' id='word_1_241' title='bbox 1724 4054 1974 4114; x_wconf 84' lang='lat' dir='ltr'><strong>umbris.</strong></span> 
     </span>
     <span class='ocr_line' id='line_1_37' title="bbox 507 4155 1879 4219; baseline 0.003 -8"><span class='ocrx_word' id='word_1_242' title='bbox 507 4172 543 4211; x_wconf 91' lang='lat' dir='ltr'><strong>o</strong></span> <span class='ocrx_word' id='word_1_243' title='bbox 572 4155 806 4212; x_wconf 82' lang='lat' dir='ltr'><strong>utinam</strong></span> <span class='ocrx_word' id='word_1_244' title='bbox 827 4156 991 4219; x_wconf 84' lang='lat' dir='ltr'><strong>ferus</strong></span> <span class='ocrx_word' id='word_1_245' title='bbox 1019 4156 1124 4213; x_wconf 82' lang='lat' dir='ltr'><strong>ille</strong></span> <span class='ocrx_word' id='word_1_246' title='bbox 1154 4157 1307 4214; x_wconf 78' lang='lat' dir='ltr'><strong>meis</strong></span> <span class='ocrx_word' id='word_1_247' title='bbox 1339 4168 1672 4217; x_wconf 83' lang='lat' dir='ltr'><strong>occurreret</strong></span> <span class='ocrx_word' id='word_1_248' title='bbox 1697 4159 1879 4215; x_wconf 86' lang='lat' dir='ltr'><strong>armis</strong></span> 
     </span>
    </p>
   </div>
   <div class='ocr_carea' id='block_1_3' title="bbox 325 4302 2546 4443">
    <p class='ocr_par' dir='ltr' id='par_1_3' title="bbox 325 4302 2546 4443">
     <span class='ocr_line' id='line_1_38' title="bbox 325 4302 2546 4363; baseline 0.001 -4"><span class='ocrx_word' id='word_1_249' title='bbox 325 4305 407 4359; x_wconf 64' lang='lat'><strong>94</strong></span> <span class='ocrx_word' id='word_1_250' title='bbox 439 4302 501 4354; x_wconf 79' lang='lat' dir='ltr'><strong>ad</strong></span> <span class='ocrx_word' id='word_1_251' title='bbox 529 4302 661 4355; x_wconf 77' lang='lat' dir='ltr'><strong>hunc</strong></span> <span class='ocrx_word' id='word_1_252' title='bbox 684 4304 735 4358; x_wconf 82' lang='lat'><strong>&#39;1&#39;</strong></span> <span class='ocrx_word' id='word_1_253' title='bbox 955 4304 1083 4358; x_wconf 69' lang='lat' dir='ltr'><strong>ibid.</strong></span> <span class='ocrx_word' id='word_1_254' title='bbox 1119 4323 1236 4359; x_wconf 85' lang='lat' dir='ltr'><strong>mox</strong></span> <span class='ocrx_word' id='word_1_255' title='bbox 1258 4306 1372 4359; x_wconf 74' lang='lat' dir='ltr'><strong>MT</strong></span> <span class='ocrx_word' id='word_1_256' title='bbox 1600 4310 1702 4363; x_wconf 85' lang='lat'>101·</span> <span class='ocrx_word' id='word_1_257' title='bbox 1739 4305 1837 4358; x_wconf 82' lang='lat' dir='ltr'><strong>iste</strong></span> <span class='ocrx_word' id='word_1_258' title='bbox 1862 4306 1924 4358; x_wconf 90' lang='grc' dir='ltr'><strong><em>Μ</em></strong></span> <span class='ocrx_word' id='word_1_259' title='bbox 2155 4310 2255 4363; x_wconf 84' lang='grc'><strong>106</strong></span> <span class='ocrx_word' id='word_1_260' title='bbox 2292 4323 2460 4359; x_wconf 79' lang='lat' dir='ltr'><strong>amore</strong></span> <span class='ocrx_word' id='word_1_261' title='bbox 2485 4309 2546 4362; x_wconf 82' lang='lat' dir='ltr'><strong><em>M</em></strong></span> 
     </span>
     <span class='ocr_line' id='line_1_39' title="bbox 329 4370 2542 4443; baseline 0 -13"><span class='ocrx_word' id='word_1_262' title='bbox 329 4375 441 4430; x_wconf 82' lang='lat'><strong>107</strong></span> <span class='ocrx_word' id='word_1_263' title='bbox 475 4370 600 4424; x_wconf 77' lang='lat' dir='ltr'><strong>uidit</strong></span> <span class='ocrx_word' id='word_1_264' title='bbox 624 4373 676 4426; x_wconf 98' lang='grc' dir='ltr'><strong>Τ</strong></span> <span class='ocrx_word' id='word_1_265' title='bbox 843 4374 945 4431; x_wconf 85' lang='grc'><strong>109</strong></span> <span class='ocrx_word' id='word_1_266' title='bbox 979 4391 1152 4430; x_wconf 73' lang='lat' dir='ltr'><strong>secum</strong></span> <span class='ocrx_word' id='word_1_267' title='bbox 1173 4376 1265 4443; x_wconf 74' lang='lat' dir='ltr'><strong>M,</strong></span> <span class='ocrx_word' id='word_1_268' title='bbox 1296 4375 1414 4433; x_wconf 72' lang='lat' dir='ltr'><strong>sotii</strong></span> <span class='ocrx_word' id='word_1_269' title='bbox 1440 4377 1490 4433; x_wconf 86' lang='grc' dir='ltr'><strong>Τ</strong></span> <span class='ocrx_word' id='word_1_270' title='bbox 1645 4374 1748 4431; x_wconf 80' lang='grc'><strong>120</strong></span> <span class='ocrx_word' id='word_1_271' title='bbox 1781 4376 1954 4431; x_wconf 73' lang='lat' dir='ltr'><strong>mortis</strong></span> <span class='ocrx_word' id='word_1_272' title='bbox 1981 4376 2033 4429; x_wconf 88' lang='grc' dir='ltr'><strong>Τ</strong></span> <span class='ocrx_word' id='word_1_273' title='bbox 2190 4377 2291 4430; x_wconf 81' lang='grc'><strong>126</strong></span> <span class='ocrx_word' id='word_1_274' title='bbox 2322 4376 2458 4430; x_wconf 79' lang='lat' dir='ltr'><strong>nolle</strong></span> <span class='ocrx_word' id='word_1_275' title='bbox 2481 4379 2542 4431; x_wconf 87' lang='grc' dir='ltr'><strong>Τ.</strong></span> 
     </span>
    </p>
   </div>
  </div>
 </body>
</html>
