<?xml version="1.0" encoding="UTF-8"?>
<!DOCTYPE html PUBLIC "-//W3C//DTD XHTML 1.0 Transitional//EN"
    "http://www.w3.org/TR/xhtml1/DTD/xhtml1-transitional.dtd">
<html xmlns="http://www.w3.org/1999/xhtml" xml:lang="en" lang="en">
 <head>
  <title>
</title>
<meta http-equiv="Content-Type" content="text/html;charset=utf-8" />
  <meta name='ocr-system' content='tesseract 3.04.00' />
  <meta name='ocr-capabilities' content='ocr_page ocr_carea ocr_par ocr_line ocrx_word'/>
</head>
<body>
  <div class='ocr_page' id='page_1' title='image "./carminumpanegyr00niebgoog_0311.png"; bbox 0 0 3210 5200; ppageno 0'>
   <div class='ocr_carea' id='block_1_1' title="bbox 587 391 2602 638">
    <p class='ocr_par' dir='ltr' id='par_1_1' title="bbox 587 391 2602 638">
     <span class='ocr_line' id='line_1_1' title="bbox 936 391 2602 481; baseline 0.007 -20"><span class='ocrx_word' id='word_1_1' title='bbox 936 391 1032 462; x_wconf 82' lang='lat' dir='ltr'><strong>IN</strong></span> <span class='ocrx_word' id='word_1_2' title='bbox 1076 393 1603 464; x_wconf 78' lang='lat' dir='ltr'><strong>IOHANNIDOS</strong></span> <span class='ocrx_word' id='word_1_3' title='bbox 1652 396 1715 463; x_wconf 89' lang='lat' dir='ltr'><strong>II</strong></span> <span class='ocrx_word' id='word_1_4' title='bbox 1763 396 2061 465; x_wconf 81' lang='lat' dir='ltr'><strong>NOTAE.</strong></span> <span class='ocrx_word' id='word_1_5' title='bbox 2348 477 2352 481; x_wconf 67' lang='lat'><em>,</em></span> <span class='ocrx_word' id='word_1_6' title='bbox 2453 403 2602 472; x_wconf 74' lang='lat'><strong>2²29</strong></span> 
     </span>
     <span class='ocr_line' id='line_1_2' title="bbox 587 557 2598 638; baseline 0.002 -19"><span class='ocrx_word' id='word_1_7' title='bbox 587 559 691 625; x_wconf 80' lang='lat'><strong>63.</strong></span> <span class='ocrx_word' id='word_1_8' title='bbox 778 561 942 638; x_wconf 77' lang='lat' dir='ltr'><strong>virg.</strong></span> <span class='ocrx_word' id='word_1_9' title='bbox 971 560 1134 619; x_wconf 77' lang='lat' dir='ltr'><strong>Aen.</strong></span> <span class='ocrx_word' id='word_1_10' title='bbox 1163 559 1203 625; x_wconf 88' lang='lat'>5</span> <span class='ocrx_word' id='word_1_11' title='bbox 1227 559 1353 626; x_wconf 80' lang='lat'><strong>764</strong></span> <span class='ocrx_word' id='word_1_12' title='bbox 1372 578 1392 618; x_wconf 87' lang='grc'><strong>3</strong></span> <span class='ocrx_word' id='word_1_13' title='bbox 1427 560 1537 619; x_wconf 69' lang='lat' dir='ltr'><strong>sed</strong></span> <span class='ocrx_word' id='word_1_14' title='bbox 1555 557 1709 619; x_wconf 78' lang='lat' dir='ltr'><strong>bello</strong></span> <span class='ocrx_word' id='word_1_15' title='bbox 1732 561 1939 621; x_wconf 71' lang='lat' dir='ltr'><strong>vivida</strong></span> <span class='ocrx_word' id='word_1_16' title='bbox 1969 565 2158 622; x_wconf 70' lang='lat' dir='ltr'><strong>vit-tm</strong></span> <span class='ocrx_word' id='word_1_17' title='bbox 2173 605 2200 633; x_wconf 88' lang='lat'><em>‚</em></span> <span class='ocrx_word' id='word_1_18' title='bbox 2243 574 2303 622; x_wconf 87' lang='lat' dir='ltr'><strong>et</strong></span> <span class='ocrx_word' id='word_1_19' title='bbox 2332 568 2413 629; x_wconf 80' lang='lat'><strong>10</strong></span> <span class='ocrx_word' id='word_1_20' title='bbox 2441 569 2598 631; x_wconf 84' lang='lat'><strong>609:</strong></span> 
     </span>
    </p>
   </div>
   <div class='ocr_carea' id='block_1_2' title="bbox 401 644 2597 2585">
    <p class='ocr_par' dir='ltr' id='par_1_2' title="bbox 420 644 1366 705">
     <span class='ocr_line' id='line_1_3' title="bbox 420 644 1366 705; baseline 0.002 -3"><span class='ocrx_word' id='word_1_21' title='bbox 420 665 538 702; x_wconf 80' lang='lat' dir='ltr'><strong>non</strong></span> <span class='ocrx_word' id='word_1_22' title='bbox 561 646 766 704; x_wconf 69' lang='lat' dir='ltr'><strong>vivida</strong></span> <span class='ocrx_word' id='word_1_23' title='bbox 789 644 940 703; x_wconf 82' lang='lat' dir='ltr'><strong>hello</strong></span> <span class='ocrx_word' id='word_1_24' title='bbox 968 646 1174 703; x_wconf 80' lang='lat' dir='ltr'><strong>dextra</strong></span> <span class='ocrx_word' id='word_1_25' title='bbox 1198 647 1366 705; x_wconf 68' lang='lat' dir='ltr'><strong>viris.</strong></span> 
     </span>
    </p>

    <p class='ocr_par' dir='ltr' id='par_1_3' title="bbox 417 726 2594 895">
     <span class='ocr_line' id='line_1_4' title="bbox 588 726 2594 812; baseline -0.001 -18"><span class='ocrx_word' id='word_1_26' title='bbox 588 728 691 794; x_wconf 83' lang='lat'><strong>54.</strong></span> <span class='ocrx_word' id='word_1_27' title='bbox 726 773 729 778; x_wconf 77' lang='lat'>·</span> <span class='ocrx_word' id='word_1_28' title='bbox 777 733 1136 791; x_wconf 67' lang='lat' dir='ltr'><strong>contet-ritui.</strong></span> <span class='ocrx_word' id='word_1_29' title='bbox 1218 749 1340 787; x_wconf 79' lang='lat' dir='ltr'><strong>vox</strong></span> <span class='ocrx_word' id='word_1_30' title='bbox 1366 726 1639 788; x_wconf 80' lang='lat' dir='ltr'><strong>addenda</strong></span> <span class='ocrx_word' id='word_1_31' title='bbox 1663 731 1879 789; x_wconf 79' lang='lat' dir='ltr'>lexicis</span> <span class='ocrx_word' id='word_1_32' title='bbox 1902 733 2129 789; x_wconf 80' lang='lat' dir='ltr'><strong>Latinis</strong></span> <span class='ocrx_word' id='word_1_33' title='bbox 2147 776 2163 805; x_wconf 92' lang='lat'>‚</span> <span class='ocrx_word' id='word_1_34' title='bbox 2215 751 2368 812; x_wconf 86' lang='lat' dir='ltr'><strong>quae</strong></span> <span class='ocrx_word' id='word_1_35' title='bbox 2391 742 2594 793; x_wconf 86' lang='lat' dir='ltr'><strong>tamen</strong></span> 
     </span>
     <span class='ocr_line' id='line_1_5' title="bbox 417 813 2182 895; baseline 0.003 -22"><span class='ocrx_word' id='word_1_36' title='bbox 417 819 673 873; x_wconf 82' lang='lat' dir='ltr'><strong>occurrit</strong></span> <span class='ocrx_word' id='word_1_37' title='bbox 698 817 853 874; x_wconf 80' lang='lat' dir='ltr'><strong>infra</strong></span> <span class='ocrx_word' id='word_1_38' title='bbox 880 817 1138 895; x_wconf 84' lang='lat' dir='ltr'><strong>pluries,</strong></span> <span class='ocrx_word' id='word_1_39' title='bbox 1181 826 1248 873; x_wconf 84' lang='lat' dir='ltr'><strong>nt</strong></span> <span class='ocrx_word' id='word_1_40' title='bbox 1272 813 1475 874; x_wconf 81' lang='lat' dir='ltr'><strong>videre</strong></span> <span class='ocrx_word' id='word_1_41' title='bbox 1510 826 1599 874; x_wconf 80' lang='lat' dir='ltr'><strong>est</strong></span> <span class='ocrx_word' id='word_1_42' title='bbox 1627 836 1708 874; x_wconf 84' lang='lat' dir='ltr'><strong>ex</strong></span> <span class='ocrx_word' id='word_1_43' title='bbox 1739 813 2182 879; x_wconf 71' lang='lat' dir='ltr'><strong>Indice-nostro·</strong></span> 
     </span>
    </p>

    <p class='ocr_par' dir='ltr' id='par_1_4' title="bbox 589 901 2540 980">
     <span class='ocr_line' id='line_1_6' title="bbox 589 901 2540 980; baseline -0.005 -16"><span class='ocrx_word' id='word_1_44' title='bbox 589 901 691 964; x_wconf 81' lang='grc'><strong>55.</strong></span> <span class='ocrx_word' id='word_1_45' title='bbox 757 901 994 980; x_wconf 70' lang='lat' dir='ltr'><strong>fraude</strong></span> <span class='ocrx_word' id='word_1_46' title='bbox 1018 901 1135 957; x_wconf 77' lang='lat' dir='ltr'><strong>loci</strong></span> <span class='ocrx_word' id='word_1_47' title='bbox 1156 901 1317 977; x_wconf 85' lang='lat' dir='ltr'><strong>Virg.</strong></span> <span class='ocrx_word' id='word_1_48' title='bbox 1344 901 1506 960; x_wconf 80' lang='lat' dir='ltr'><strong>Aen.</strong></span> <span class='ocrx_word' id='word_1_49' title='bbox 1532 903 1572 962; x_wconf 90' lang='lat'><strong>9</strong></span> <span class='ocrx_word' id='word_1_50' title='bbox 1603 903 1745 964; x_wconf 80' lang='grc'><strong>897.</strong></span> <span class='ocrx_word' id='word_1_51' title='bbox 2536 937 2540 946; x_wconf 86' lang='lat'><em>·</em></span> 
     </span>
    </p>

    <p class='ocr_par' dir='ltr' id='par_1_5' title="bbox 413 979 2597 1895">
     <span class='ocr_line' id='line_1_7' title="bbox 587 979 2594 1064; baseline -0.003 -16"><span class='ocrx_word' id='word_1_52' title='bbox 587 983 689 1047; x_wconf 83' lang='lat'><strong>56.</strong></span> <span class='ocrx_word' id='word_1_53' title='bbox 770 1006 863 1043; x_wconf 79' lang='lat' dir='ltr'><strong>ms</strong></span> <span class='ocrx_word' id='word_1_54' title='bbox 886 983 1226 1064; x_wconf 75' lang='lat' dir='ltr'><strong>Quigwubi</strong></span> <span class='ocrx_word' id='word_1_55' title='bbox 1249 986 1424 1042; x_wconf 87' lang='lat' dir='ltr'><strong>unico</strong></span> <span class='ocrx_word' id='word_1_56' title='bbox 1449 985 1664 1058; x_wconf 72' lang='lat' dir='ltr'><strong>verbor,</strong></span> <span class='ocrx_word' id='word_1_57' title='bbox 1703 981 1867 1064; x_wconf 86' lang='lat' dir='ltr'><strong>qnod</strong></span> <span class='ocrx_word' id='word_1_58' title='bbox 1891 979 2138 1041; x_wconf 75' lang='lat' dir='ltr'><strong>distinxi</strong></span> <span class='ocrx_word' id='word_1_59' title='bbox 2163 985 2226 1041; x_wconf 88' lang='lat' dir='ltr'><strong>iu</strong></span> <span class='ocrx_word' id='word_1_60' title='bbox 2257 980 2375 1041; x_wconf 87' lang='lat' dir='ltr'><strong>dno</strong></span> <span class='ocrx_word' id='word_1_61' title='bbox 2392 1003 2410 1040; x_wconf 89' lang='grc'><strong>3</strong></span> <span class='ocrx_word' id='word_1_62' title='bbox 2453 1001 2594 1041; x_wconf 87' lang='lat' dir='ltr'><strong>nam</strong></span> 
     </span>
     <span class='ocr_line' id='line_1_8' title="bbox 417 1065 2594 1149; baseline -0 -23"><span class='ocrx_word' id='word_1_63' title='bbox 417 1077 512 1126; x_wconf 77' lang='lat' dir='ltr'><strong>est</strong></span> <span class='ocrx_word' id='word_1_64' title='bbox 548 1068 789 1127; x_wconf 77' lang='lat' dir='ltr'><strong>Gurubi</strong></span> <span class='ocrx_word' id='word_1_65' title='bbox 824 1071 1074 1129; x_wconf 75' lang='lat' dir='ltr'><strong>fortasse</strong></span> <span class='ocrx_word' id='word_1_66' title='bbox 1106 1068 1270 1127; x_wconf 88' lang='lat' dir='ltr'><strong>idem</strong></span> <span class='ocrx_word' id='word_1_67' title='bbox 1307 1088 1377 1126; x_wconf 79' lang='lat' dir='ltr'><strong>ae</strong></span> <span class='ocrx_word' id='word_1_68' title='bbox 1417 1068 1646 1127; x_wconf 73' lang='lat' dir='ltr'><strong>Gurubi</strong></span> <span class='ocrx_word' id='word_1_69' title='bbox 1660 1111 1686 1140; x_wconf 87' lang='lat'><em>‚</em></span> <span class='ocrx_word' id='word_1_70' title='bbox 1742 1065 1904 1149; x_wconf 88' lang='lat' dir='ltr'><strong>qnod</strong></span> <span class='ocrx_word' id='word_1_71' title='bbox 1941 1066 2121 1127; x_wconf 81' lang='lat' dir='ltr'><strong>distat</strong></span> <span class='ocrx_word' id='word_1_72' title='bbox 2164 1068 2237 1126; x_wconf 89' lang='lat' dir='ltr'><strong>ab</strong></span> <span class='ocrx_word' id='word_1_73' title='bbox 2267 1067 2594 1127; x_wconf 82' lang='lat' dir='ltr'><strong>Adrumeto</strong></span> 
     </span>
     <span class='ocr_line' id='line_1_9' title="bbox 417 1149 2595 1233; baseline -0.003 -18"><span class='ocrx_word' id='word_1_74' title='bbox 417 1149 503 1215; x_wconf 81' lang='lat'><strong>48</strong></span> <span class='ocrx_word' id='word_1_75' title='bbox 544 1172 629 1215; x_wconf 90' lang='lat' dir='ltr'><strong>m.</strong></span> <span class='ocrx_word' id='word_1_76' title='bbox 668 1175 729 1233; x_wconf 87' lang='lat' dir='ltr'><strong>p.</strong></span> <span class='ocrx_word' id='word_1_77' title='bbox 770 1174 849 1212; x_wconf 89' lang='lat' dir='ltr'><strong>ex</strong></span> <span class='ocrx_word' id='word_1_78' title='bbox 880 1156 1201 1214; x_wconf 73' lang='lat' dir='ltr'><strong>-Itinertm&#39;o</strong></span> <span class='ocrx_word' id='word_1_79' title='bbox 1241 1156 1546 1211; x_wconf 81' lang='lat' dir='ltr'><strong>Antonini</strong></span> <span class='ocrx_word' id='word_1_80' title='bbox 1577 1154 1855 1232; x_wconf 76' lang='lat' dir='ltr'><strong>Augusti</strong></span> <span class='ocrx_word' id='word_1_81' title='bbox 1890 1171 1950 1231; x_wconf 98' lang='grc' dir='ltr'><strong>Ρ.</strong></span> <span class='ocrx_word' id='word_1_82' title='bbox 1994 1152 2076 1215; x_wconf 87' lang='grc'><strong>56</strong></span> <span class='ocrx_word' id='word_1_83' title='bbox 2114 1154 2197 1218; x_wconf 84' lang='grc'><strong>57</strong></span> <span class='ocrx_word' id='word_1_84' title='bbox 2244 1164 2302 1211; x_wconf 87' lang='lat' dir='ltr'><strong>et</strong></span> <span class='ocrx_word' id='word_1_85' title='bbox 2342 1153 2472 1216; x_wconf 71' lang='lat'><strong>493</strong></span> <span class='ocrx_word' id='word_1_86' title='bbox 2497 1151 2595 1216; x_wconf 73' lang='lat' dir='ltr'><strong>ed.</strong></span> 
     </span>
     <span class='ocr_line' id='line_1_10' title="bbox 415 1234 2596 1316; baseline 0.004 -22"><span class='ocrx_word' id='word_1_87' title='bbox 415 1238 668 1300; x_wconf 75' lang='lat' dir='ltr'><strong>Amstel.</strong></span> <span class='ocrx_word' id='word_1_88' title='bbox 690 1239 848 1303; x_wconf 83' lang='lat'><strong>1735</strong></span> <span class='ocrx_word' id='word_1_89' title='bbox 911 1238 1048 1298; x_wconf 77' lang='lat' dir='ltr'><strong>vide</strong></span> <span class='ocrx_word' id='word_1_90' title='bbox 1073 1250 1133 1297; x_wconf 89' lang='lat' dir='ltr'><strong>et</strong></span> <span class='ocrx_word' id='word_1_91' title='bbox 1145 1240 1386 1298; x_wconf 77' lang='lat' dir='ltr'><strong>cellarii</strong></span> <span class='ocrx_word' id='word_1_92' title='bbox 1411 1238 1664 1296; x_wconf 72' lang='lat' dir='ltr'><strong>Notium</strong></span> <span class='ocrx_word' id='word_1_93' title='bbox 1682 1238 1840 1295; x_wconf 73' lang='lat' dir='ltr'><strong>orbis</strong></span> <span class='ocrx_word' id='word_1_94' title='bbox 1857 1239 2096 1314; x_wconf 74' lang='lat' dir='ltr'><strong>antiqui</strong></span> <span class='ocrx_word' id='word_1_95' title='bbox 2119 1236 2161 1299; x_wconf 80' lang='lat'>4</span> <span class='ocrx_word' id='word_1_96' title='bbox 2186 1234 2231 1299; x_wconf 78' lang='grc'><strong>4</strong></span> <span class='ocrx_word' id='word_1_97' title='bbox 2254 1258 2313 1316; x_wconf 84' lang='grc' dir='ltr'><strong>Ρ.</strong></span> <span class='ocrx_word' id='word_1_98' title='bbox 2335 1236 2596 1309; x_wconf 75' lang='grc'><strong>146-7,</strong></span> 
     </span>
     <span class='ocr_line' id='line_1_11' title="bbox 414 1320 2596 1403; baseline 0.002 -26"><span class='ocrx_word' id='word_1_99' title='bbox 414 1322 523 1378; x_wconf 85' lang='lat' dir='ltr'><strong>ubi</strong></span> <span class='ocrx_word' id='word_1_100' title='bbox 553 1320 900 1382; x_wconf 75' lang='lat' dir='ltr'><strong>describitur</strong></span> <span class='ocrx_word' id='word_1_101' title='bbox 924 1325 1228 1403; x_wconf 78' lang='lat' dir='ltr'><strong>provincia</strong></span> <span class='ocrx_word' id='word_1_102' title='bbox 1256 1326 1586 1401; x_wconf 79' lang='lat' dir='ltr'><strong>Zeugitana</strong></span> <span class='ocrx_word' id='word_1_103' title='bbox 1615 1342 1723 1383; x_wconf 70' lang='lat' dir='ltr'><strong>seu</strong></span> <span class='ocrx_word' id='word_1_104' title='bbox 1753 1323 2222 1395; x_wconf 68' lang='lat' dir='ltr'><strong>ProconsulariS,</strong></span> <span class='ocrx_word' id='word_1_105' title='bbox 2267 1325 2330 1380; x_wconf 90' lang='lat' dir='ltr'><strong>in</strong></span> <span class='ocrx_word' id='word_1_106' title='bbox 2361 1342 2478 1402; x_wconf 89' lang='lat' dir='ltr'><strong>qua</strong></span> <span class='ocrx_word' id='word_1_107' title='bbox 2505 1333 2596 1381; x_wconf 78' lang='lat' dir='ltr'><strong>est</strong></span> 
     </span>
     <span class='ocr_line' id='line_1_12' title="bbox 423 1406 2597 1488; baseline -0 -24"><span class='ocrx_word' id='word_1_108' title='bbox 423 1406 668 1465; x_wconf 61' lang='lat' dir='ltr'><strong>Ciu-ubi.</strong></span> <span class='ocrx_word' id='word_1_109' title='bbox 758 1429 866 1488; x_wconf 88' lang='lat' dir='ltr'><strong>pro</strong></span> <span class='ocrx_word' id='word_1_110' title='bbox 911 1430 1056 1468; x_wconf 82' lang='lat' dir='ltr'><strong>voce</strong></span> <span class='ocrx_word' id='word_1_111' title='bbox 1101 1419 1389 1467; x_wconf 81' lang='lat' dir='ltr'><strong>montana</strong></span> <span class='ocrx_word' id='word_1_112' title='bbox 1432 1408 1798 1467; x_wconf 67' lang='lat' dir='ltr'><strong>substantive</strong></span> <span class='ocrx_word' id='word_1_113' title='bbox 1839 1416 2079 1484; x_wconf 68' lang='lat' dir='ltr'><strong>sumpta</strong></span> <span class='ocrx_word' id='word_1_114' title='bbox 2117 1406 2256 1464; x_wconf 74' lang='lat' dir='ltr'><strong>vide</strong></span> <span class='ocrx_word' id='word_1_115' title='bbox 2299 1409 2522 1470; x_wconf 87' lang='lat' dir='ltr'><strong>Lucan.</strong></span> <span class='ocrx_word' id='word_1_116' title='bbox 2554 1408 2597 1468; x_wconf 80' lang='lat'><strong>4</strong></span> 
     </span>
     <span class='ocr_line' id='line_1_13' title="bbox 414 1489 2597 1562; baseline -0.002 -9"><span class='ocrx_word' id='word_1_117' title='bbox 414 1489 532 1553; x_wconf 79' lang='lat'><strong>62:</strong></span> <span class='ocrx_word' id='word_1_118' title='bbox 577 1492 830 1550; x_wconf 70' lang='lat' dir='ltr'><strong>urebant</strong></span> <span class='ocrx_word' id='word_1_119' title='bbox 855 1505 1141 1552; x_wconf 72' lang='lat' dir='ltr'><strong>montana</strong></span> <span class='ocrx_word' id='word_1_120' title='bbox 1168 1496 1333 1552; x_wconf 71' lang='lat' dir='ltr'><strong>nives</strong></span> <span class='ocrx_word' id='word_1_121' title='bbox 1352 1535 1375 1562; x_wconf 91' lang='lat'><em>‚</em></span> <span class='ocrx_word' id='word_1_122' title='bbox 1430 1496 1563 1554; x_wconf 80' lang='lat' dir='ltr'><strong>Liv.</strong></span> <span class='ocrx_word' id='word_1_123' title='bbox 1592 1497 1671 1556; x_wconf 80' lang='lat'><strong>21</strong></span> <span class='ocrx_word' id='word_1_124' title='bbox 1704 1492 1817 1555; x_wconf 82' lang='lat'><strong>34:</strong></span> <span class='ocrx_word' id='word_1_125' title='bbox 1873 1502 1943 1549; x_wconf 78' lang='lat' dir='ltr'><strong>ut</strong></span> <span class='ocrx_word' id='word_1_126' title='bbox 1981 1493 2136 1548; x_wconf 79' lang='lat' dir='ltr'><strong>inter</strong></span> <span class='ocrx_word' id='word_1_127' title='bbox 2166 1502 2451 1548; x_wconf 80' lang='lat' dir='ltr'><strong>montana</strong></span> <span class='ocrx_word' id='word_1_128' title='bbox 2475 1534 2493 1560; x_wconf 92' lang='lat'><em>,</em></span> <span class='ocrx_word' id='word_1_129' title='bbox 2537 1500 2597 1549; x_wconf 86' lang='lat' dir='ltr'><strong>et</strong></span> 
     </span>
     <span class='ocr_line' id='line_1_14' title="bbox 413 1576 2592 1648; baseline 0.001 -15"><span class='ocrx_word' id='word_1_130' title='bbox 413 1576 571 1639; x_wconf 82' lang='lat' dir='ltr'><strong>Plin.</strong></span> <span class='ocrx_word' id='word_1_131' title='bbox 601 1579 694 1635; x_wconf 89' lang='lat' dir='ltr'><strong>H.</strong></span> <span class='ocrx_word' id='word_1_132' title='bbox 724 1579 812 1637; x_wconf 87' lang='lat' dir='ltr'><strong>.N.</strong></span> <span class='ocrx_word' id='word_1_133' title='bbox 841 1583 880 1642; x_wconf 88' lang='lat'><strong>6</strong></span> <span class='ocrx_word' id='word_1_134' title='bbox 914 1582 1025 1641; x_wconf 86' lang='lat'><strong>19:</strong></span> <span class='ocrx_word' id='word_1_135' title='bbox 1083 1581 1150 1636; x_wconf 80' lang='lat' dir='ltr'><strong>in</strong></span> <span class='ocrx_word' id='word_1_136' title='bbox 1188 1580 1487 1637; x_wconf 69' lang='lat' dir='ltr'><strong>montanis</strong></span> <span class='ocrx_word' id='word_1_137' title='bbox 1523 1577 1825 1648; x_wconf 79' lang='lat' dir='ltr'><strong>absolute,</strong></span> <span class='ocrx_word' id='word_1_138' title='bbox 1884 1586 1953 1633; x_wconf 88' lang='lat' dir='ltr'><strong>ut</strong></span> <span class='ocrx_word' id='word_1_139' title='bbox 1984 1587 2041 1633; x_wconf 88' lang='lat' dir='ltr'><strong>et</strong></span> <span class='ocrx_word' id='word_1_140' title='bbox 2067 1578 2130 1633; x_wconf 90' lang='lat' dir='ltr'><strong>in</strong></span> <span class='ocrx_word' id='word_1_141' title='bbox 2159 1576 2355 1635; x_wconf 76' lang='lat' dir='ltr'><strong>Sacris</strong></span> <span class='ocrx_word' id='word_1_142' title='bbox 2381 1577 2592 1635; x_wconf 78' lang='lat' dir='ltr'><strong>Bibliis</strong></span> 
     </span>
     <span class='ocr_line' id='line_1_15' title="bbox 414 1660 2594 1740; baseline -0 -23"><span class='ocrx_word' id='word_1_143' title='bbox 414 1678 617 1740; x_wconf 75' lang='lat' dir='ltr'><strong>saepe,</strong></span> <span class='ocrx_word' id='word_1_144' title='bbox 646 1663 834 1721; x_wconf 76' lang='lat' dir='ltr'><strong>veluti</strong></span> <span class='ocrx_word' id='word_1_145' title='bbox 857 1665 1001 1726; x_wconf 78' lang='lat' dir='ltr'><strong>Luc.</strong></span> <span class='ocrx_word' id='word_1_146' title='bbox 1022 1668 1052 1726; x_wconf 88' lang='grc'><strong>1</strong></span> <span class='ocrx_word' id='word_1_147' title='bbox 1083 1665 1200 1725; x_wconf 80' lang='grc'><strong>393</strong></span> <span class='ocrx_word' id='word_1_148' title='bbox 1243 1661 1396 1720; x_wconf 76' lang='lat' dir='ltr'><strong>abiit</strong></span> <span class='ocrx_word' id='word_1_149' title='bbox 1422 1664 1487 1720; x_wconf 81' lang='lat' dir='ltr'><strong>in</strong></span> <span class='ocrx_word' id='word_1_150' title='bbox 1512 1673 1823 1729; x_wconf 77' lang='lat' dir='ltr'><strong>montana,</strong></span> <span class='ocrx_word' id='word_1_151' title='bbox 1868 1671 1927 1717; x_wconf 86' lang='lat' dir='ltr'><strong>et</strong></span> <span class='ocrx_word' id='word_1_152' title='bbox 1949 1679 2006 1721; x_wconf 77' lang='lat' dir='ltr'><strong>v,</strong></span> <span class='ocrx_word' id='word_1_153' title='bbox 2035 1660 2149 1723; x_wconf 85' lang='lat'><strong>65:</strong></span> <span class='ocrx_word' id='word_1_154' title='bbox 2193 1682 2372 1737; x_wconf 72' lang='lat' dir='ltr'><strong>super</strong></span> <span class='ocrx_word' id='word_1_155' title='bbox 2393 1663 2594 1718; x_wconf 81' lang='lat' dir='ltr'><strong>omnia</strong></span> 
     </span>
     <span class='ocr_line' id='line_1_16' title="bbox 416 1744 2593 1823; baseline 0.001 -22"><span class='ocrx_word' id='word_1_156' title='bbox 416 1755 705 1804; x_wconf 78' lang='lat' dir='ltr'><strong>montana</strong></span> <span class='ocrx_word' id='word_1_157' title='bbox 729 1747 1008 1807; x_wconf 78' lang='lat' dir='ltr'><strong>Iudaeae.</strong></span> <span class='ocrx_word' id='word_1_158' title='bbox 1095 1767 1299 1807; x_wconf 72' lang='lat' dir='ltr'><strong>rursus</strong></span> <span class='ocrx_word' id='word_1_159' title='bbox 1325 1745 1598 1807; x_wconf 75' lang='lat' dir='ltr'><strong>offendes</strong></span> <span class='ocrx_word' id='word_1_160' title='bbox 1625 1749 1691 1804; x_wconf 91' lang='lat' dir='ltr'><strong>in</strong></span> <span class='ocrx_word' id='word_1_161' title='bbox 1718 1744 1839 1806; x_wconf 83' lang='lat' dir='ltr'><strong>hoo</strong></span> <span class='ocrx_word' id='word_1_162' title='bbox 1857 1749 2132 1823; x_wconf 63' lang='lat' dir='ltr'><strong>poemate</strong></span> <span class='ocrx_word' id='word_1_163' title='bbox 2160 1757 2445 1804; x_wconf 77' lang='lat' dir='ltr'><strong>montana</strong></span> <span class='ocrx_word' id='word_1_164' title='bbox 2459 1788 2486 1817; x_wconf 87' lang='lat'><em>,</em></span> <span class='ocrx_word' id='word_1_165' title='bbox 2528 1757 2593 1804; x_wconf 89' lang='lat' dir='ltr'><strong>nt</strong></span> 
     </span>
     <span class='ocr_line' id='line_1_17' title="bbox 414 1829 2548 1895; baseline 0.001 -9"><span class='ocrx_word' id='word_1_166' title='bbox 414 1849 498 1887; x_wconf 78' lang='lat' dir='ltr'><strong>ex</strong></span> <span class='ocrx_word' id='word_1_167' title='bbox 521 1829 745 1895; x_wconf 77' lang='lat' dir='ltr'><strong>Indice.</strong></span> <span class='ocrx_word' id='word_1_168' title='bbox 2543 1851 2548 1858; x_wconf 73' lang='grc'>’</span> 
     </span>
    </p>

    <p class='ocr_par' dir='ltr' id='par_1_6' title="bbox 401 1909 2594 2248">
     <span class='ocr_line' id='line_1_18' title="bbox 583 1909 2591 1995; baseline -0.001 -21"><span class='ocrx_word' id='word_1_169' title='bbox 583 1916 685 1980; x_wconf 85' lang='grc'><strong>57.</strong></span> <span class='ocrx_word' id='word_1_170' title='bbox 771 1918 1105 1975; x_wconf 68' lang='lat' dir='ltr'><strong>Mercurios</strong></span> <span class='ocrx_word' id='word_1_171' title='bbox 1128 1916 1307 1975; x_wconf 73' lang='lat' dir='ltr'><strong>eolles</strong></span> <span class='ocrx_word' id='word_1_172' title='bbox 1329 1926 1475 1995; x_wconf 86' lang='lat' dir='ltr'><strong>puto</strong></span> <span class='ocrx_word' id='word_1_173' title='bbox 1503 1934 1633 1974; x_wconf 71' lang='lat' dir='ltr'><strong>esse</strong></span> <span class='ocrx_word' id='word_1_174' title='bbox 1655 1915 1721 1973; x_wconf 85' lang='lat' dir='ltr'><strong>in</strong></span> <span class='ocrx_word' id='word_1_175' title='bbox 1748 1915 2156 1994; x_wconf 40' lang='lat' dir='ltr'><strong>promontorio&gt;</strong></span> <span class='ocrx_word' id='word_1_176' title='bbox 2174 1915 2470 1987; x_wconf 85' lang='lat' dir='ltr'><strong>Mercurii,</strong></span> <span class='ocrx_word' id='word_1_177' title='bbox 2517 1909 2591 1971; x_wconf 89' lang='lat' dir='ltr'><strong>de</strong></span> 
     </span>
     <span class='ocr_line' id='line_1_19' title="bbox 412 1998 2594 2078; baseline -0 -21"><span class='ocrx_word' id='word_1_178' title='bbox 412 2018 534 2078; x_wconf 87' lang='lat' dir='ltr'><strong>quo</strong></span> <span class='ocrx_word' id='word_1_179' title='bbox 562 1999 700 2058; x_wconf 84' lang='lat' dir='ltr'><strong>vide</strong></span> <span class='ocrx_word' id='word_1_180' title='bbox 729 2003 942 2066; x_wconf 85' lang='lat' dir='ltr'><strong>Cellar.</strong></span> <span class='ocrx_word' id='word_1_181' title='bbox 971 2023 1019 2064; x_wconf 83' lang='lat' dir='ltr'><strong>o.</strong></span> <span class='ocrx_word' id='word_1_182' title='bbox 1049 2004 1148 2064; x_wconf 85' lang='lat' dir='ltr'><strong>cit.</strong></span> <span class='ocrx_word' id='word_1_183' title='bbox 1233 2004 1356 2060; x_wconf 88' lang='lat' dir='ltr'><strong>imo</strong></span> <span class='ocrx_word' id='word_1_184' title='bbox 1387 2005 1453 2058; x_wconf 89' lang='lat' dir='ltr'><strong>in</strong></span> <span class='ocrx_word' id='word_1_185' title='bbox 1479 2000 1783 2058; x_wconf 74' lang='lat' dir='ltr'><strong>Antonini</strong></span> <span class='ocrx_word' id='word_1_186' title='bbox 1810 2000 2122 2058; x_wconf 77' lang='lat' dir='ltr'><strong>Itinerario</strong></span> <span class='ocrx_word' id='word_1_187' title='bbox 2146 2000 2317 2078; x_wconf 84' lang='lat' dir='ltr'><strong>lego:</strong></span> <span class='ocrx_word' id='word_1_188' title='bbox 2368 1998 2447 2057; x_wconf 85' lang='lat' dir='ltr'><strong>ab</strong></span> <span class='ocrx_word' id='word_1_189' title='bbox 2463 1999 2594 2056; x_wconf 71' lang='lat' dir='ltr'><strong>Ex-</strong></span> 
     </span>
     <span class='ocr_line' id='line_1_20' title="bbox 401 2082 2591 2165; baseline 0 -24"><span class='ocrx_word' id='word_1_190' title='bbox 401 2084 742 2161; x_wconf 79' lang='lat' dir='ltr'><strong>ploratione</strong></span> <span class='ocrx_word' id='word_1_191' title='bbox 752 2130 778 2158; x_wconf 90' lang='lat'><em>,</em></span> <span class='ocrx_word' id='word_1_192' title='bbox 833 2107 988 2165; x_wconf 77' lang='lat' dir='ltr'><strong>quae</strong></span> <span class='ocrx_word' id='word_1_193' title='bbox 1025 2087 1113 2144; x_wconf 79' lang='lat' dir='ltr'><strong>ad</strong></span> <span class='ocrx_word' id='word_1_194' title='bbox 1134 2089 1472 2144; x_wconf 75' lang='lat' dir='ltr'><strong>,Mercurio-s·</strong></span> <span class='ocrx_word' id='word_1_195' title='bbox 1488 2129 1514 2156; x_wconf 84' lang='lat'><em>‚</em></span> <span class='ocrx_word' id='word_1_196' title='bbox 1580 2086 1763 2163; x_wconf 73' lang='lat' dir='ltr'><strong>D&#39;ngi</strong></span> <span class='ocrx_word' id='word_1_197' title='bbox 1798 2103 1984 2163; x_wconf 73' lang='lat' dir='ltr'><strong>usque</strong></span> <span class='ocrx_word' id='word_1_198' title='bbox 2025 2105 2105 2142; x_wconf 87' lang='lat' dir='ltr'><strong>m.</strong></span> <span class='ocrx_word' id='word_1_199' title='bbox 2137 2106 2207 2161; x_wconf 83' lang='lat' dir='ltr'><strong>p.</strong></span> <span class='ocrx_word' id='word_1_200' title='bbox 2250 2082 2389 2148; x_wconf 77' lang='lat'><strong>174.</strong></span> <span class='ocrx_word' id='word_1_201' title='bbox 2471 2104 2591 2142; x_wconf 87' lang='lat' dir='ltr'><strong>non</strong></span> 
     </span>
     <span class='ocr_line' id='line_1_21' title="bbox 408 2169 2093 2248; baseline -0.002 -20"><span class='ocrx_word' id='word_1_202' title='bbox 408 2171 805 2248; x_wconf 79' lang='lat' dir='ltr'><strong>incongruum</strong></span> <span class='ocrx_word' id='word_1_203' title='bbox 833 2182 921 2230; x_wconf 78' lang='lat' dir='ltr'><strong>est</strong></span> <span class='ocrx_word' id='word_1_204' title='bbox 949 2174 1285 2230; x_wconf 67' lang='lat' dir='ltr'><strong>Men-wios</strong></span> <span class='ocrx_word' id='word_1_205' title='bbox 1309 2173 1506 2230; x_wconf 78' lang='lat' dir='ltr'><strong>vocati</strong></span> <span class='ocrx_word' id='word_1_206' title='bbox 1538 2170 1875 2228; x_wconf 62' lang='lat' dir='ltr'><strong>filet-curios</strong></span> <span class='ocrx_word' id='word_1_207' title='bbox 1897 2169 2093 2228; x_wconf 76' lang='lat' dir='ltr'><strong>colles.</strong></span> 
     </span>
    </p>

    <p class='ocr_par' dir='ltr' id='par_1_7' title="bbox 408 2253 2590 2421">
     <span class='ocr_line' id='line_1_22' title="bbox 577 2253 2590 2335; baseline -0.001 -23"><span class='ocrx_word' id='word_1_208' title='bbox 577 2255 659 2315; x_wconf 77' lang='lat' dir='ltr'><strong>ib.</strong></span> <span class='ocrx_word' id='word_1_209' title='bbox 743 2257 944 2335; x_wconf 61' lang='lat' dir='ltr'><strong>infera</strong></span> <span class='ocrx_word' id='word_1_210' title='bbox 957 2299 983 2327; x_wconf 90' lang='lat'><em>,</em></span> <span class='ocrx_word' id='word_1_211' title='bbox 1022 2277 1241 2335; x_wconf 82' lang='lat' dir='ltr'><strong>nempe</strong></span> <span class='ocrx_word' id='word_1_212' title='bbox 1270 2257 1433 2329; x_wconf 80' lang='lat' dir='ltr'><strong>loca,</strong></span> <span class='ocrx_word' id='word_1_213' title='bbox 1477 2265 1545 2313; x_wconf 85' lang='lat' dir='ltr'><strong>ut</strong></span> <span class='ocrx_word' id='word_1_214' title='bbox 1574 2273 1752 2332; x_wconf 77' lang='lat' dir='ltr'><strong>supra</strong></span> <span class='ocrx_word' id='word_1_215' title='bbox 1781 2273 1837 2315; x_wconf 78' lang='lat' dir='ltr'><strong>v,</strong></span> <span class='ocrx_word' id='word_1_216' title='bbox 1867 2253 1948 2317; x_wconf 89' lang='grc'><strong>56</strong></span> <span class='ocrx_word' id='word_1_217' title='bbox 1980 2262 2288 2310; x_wconf 80' lang='lat' dir='ltr'><strong>montana.</strong></span> <span class='ocrx_word' id='word_1_218' title='bbox 2330 2261 2590 2310; x_wconf 83' lang='lat' dir='ltr'><strong>attamen</strong></span> 
     </span>
     <span class='ocr_line' id='line_1_23' title="bbox 408 2336 2313 2421; baseline -0.004 -22"><span class='ocrx_word' id='word_1_219' title='bbox 408 2339 648 2399; x_wconf 78' lang='lat' dir='ltr'><strong>nullum</strong></span> <span class='ocrx_word' id='word_1_220' title='bbox 673 2339 979 2421; x_wconf 79' lang='lat' dir='ltr'><strong>hucusque</strong></span> <span class='ocrx_word' id='word_1_221' title='bbox 1012 2351 1208 2399; x_wconf 74' lang='lat' dir='ltr'><strong>exstat</strong></span> <span class='ocrx_word' id='word_1_222' title='bbox 1235 2341 1583 2419; x_wconf 86' lang='lat' dir='ltr'><strong>exemplum</strong></span> <span class='ocrx_word' id='word_1_223' title='bbox 1614 2336 1959 2397; x_wconf 79' lang='lat' dir='ltr'><strong>huiusmodi</strong></span> <span class='ocrx_word' id='word_1_224' title='bbox 1988 2339 2052 2394; x_wconf 85' lang='lat' dir='ltr'><strong>in</strong></span> <span class='ocrx_word' id='word_1_225' title='bbox 2082 2338 2313 2400; x_wconf 75' lang='lat' dir='ltr'><strong>lexiciS.</strong></span> 
     </span>
    </p>

    <p class='ocr_par' dir='ltr' id='par_1_8' title="bbox 410 2418 2591 2585">
     <span class='ocr_line' id='line_1_24' title="bbox 580 2418 2591 2504; baseline -0.005 -17"><span class='ocrx_word' id='word_1_226' title='bbox 580 2423 682 2489; x_wconf 83' lang='lat'><strong>58.</strong></span> <span class='ocrx_word' id='word_1_227' title='bbox 766 2428 819 2484; x_wconf 78' lang='lat' dir='ltr'><strong>si</strong></span> <span class='ocrx_word' id='word_1_228' title='bbox 848 2436 1146 2504; x_wconf 79' lang='lat' dir='ltr'><strong>postrema</strong></span> <span class='ocrx_word' id='word_1_229' title='bbox 1185 2446 1309 2484; x_wconf 82' lang='lat' dir='ltr'><strong>vox</strong></span> <span class='ocrx_word' id='word_1_230' title='bbox 1351 2436 1441 2484; x_wconf 78' lang='lat' dir='ltr'><strong>est</strong></span> <span class='ocrx_word' id='word_1_231' title='bbox 1472 2444 1694 2482; x_wconf 87' lang='lat' dir='ltr'><strong>nomen</strong></span> <span class='ocrx_word' id='word_1_232' title='bbox 1725 2424 2064 2501; x_wconf 85' lang='lat' dir='ltr'><strong>proprium,</strong></span> <span class='ocrx_word' id='word_1_233' title='bbox 2123 2432 2187 2479; x_wconf 87' lang='lat' dir='ltr'><strong>ut</strong></span> <span class='ocrx_word' id='word_1_234' title='bbox 2226 2418 2379 2478; x_wconf 86' lang='lat' dir='ltr'><strong>mihi</strong></span> <span class='ocrx_word' id='word_1_235' title='bbox 2416 2419 2591 2478; x_wconf 78' lang='lat' dir='ltr'><strong>vide·-</strong></span> 
     </span>
     <span class='ocr_line' id='line_1_25' title="bbox 410 2503 2589 2585; baseline -0.002 -19"><span class='ocrx_word' id='word_1_236' title='bbox 410 2517 541 2583; x_wconf 78' lang='lat' dir='ltr'><strong>tur,</strong></span> <span class='ocrx_word' id='word_1_237' title='bbox 586 2513 726 2584; x_wconf 84' lang='lat' dir='ltr'><strong>erit,</strong></span> <span class='ocrx_word' id='word_1_238' title='bbox 768 2513 835 2567; x_wconf 84' lang='lat' dir='ltr'><strong>ni</strong></span> <span class='ocrx_word' id='word_1_239' title='bbox 858 2512 1053 2585; x_wconf 83' lang='lat' dir='ltr'><strong>fallor,</strong></span> <span class='ocrx_word' id='word_1_240' title='bbox 1100 2511 1345 2569; x_wconf 72' lang='lat' dir='ltr'><strong>Ausum</strong></span> <span class='ocrx_word' id='word_1_241' title='bbox 1370 2511 1759 2569; x_wconf 79' lang='lat' dir='ltr'><strong>Mauritianae</strong></span> <span class='ocrx_word' id='word_1_242' title='bbox 1785 2508 2213 2575; x_wconf 74' lang='lat' dir='ltr'><strong>Caesateensis‚</strong></span> <span class='ocrx_word' id='word_1_243' title='bbox 2259 2503 2419 2584; x_wconf 85' lang='lat' dir='ltr'><strong>quod</strong></span> <span class='ocrx_word' id='word_1_244' title='bbox 2446 2517 2589 2583; x_wconf 90' lang='lat' dir='ltr'><strong>puto</strong></span> 
     </span>
    </p>
   </div>
   <div class='ocr_carea' id='block_1_3' title="bbox 310 2591 2593 2675">
    <p class='ocr_par' dir='ltr' id='par_1_9' title="bbox 310 2591 2593 2675">
     <span class='ocr_line' id='line_1_26' title="bbox 310 2591 2593 2675; baseline -0.004 -18"><span class='ocrx_word' id='word_1_245' title='bbox 310 2650 317 2657; x_wconf 81' lang='grc'><strong><em>,</em></strong></span> <span class='ocrx_word' id='word_1_246' title='bbox 412 2597 632 2652; x_wconf 78' lang='lat' dir='ltr'><strong>rectius</strong></span> <span class='ocrx_word' id='word_1_247' title='bbox 660 2598 945 2675; x_wconf 81' lang='lat' dir='ltr'><strong>scriptum</strong></span> <span class='ocrx_word' id='word_1_248' title='bbox 969 2597 1199 2655; x_wconf 60' lang='lat' dir='ltr'><strong>Aesis.-</strong></span> <span class='ocrx_word' id='word_1_249' title='bbox 1256 2617 1400 2655; x_wconf 85' lang='lat' dir='ltr'><strong>nam</strong></span> <span class='ocrx_word' id='word_1_250' title='bbox 1436 2598 1502 2654; x_wconf 84' lang='lat' dir='ltr'><strong>in</strong></span> <span class='ocrx_word' id='word_1_251' title='bbox 1540 2597 1786 2673; x_wconf 79' lang='lat' dir='ltr'><strong>antiqno</strong></span> <span class='ocrx_word' id='word_1_252' title='bbox 1811 2594 2037 2651; x_wconf 86' lang='lat' dir='ltr'><strong>Graeco</strong></span> <span class='ocrx_word' id='word_1_253' title='bbox 2067 2591 2395 2649; x_wconf 78' lang='lat' dir='ltr'><strong>Ptolemaei</strong></span> <span class='ocrx_word' id='word_1_254' title='bbox 2418 2591 2593 2649; x_wconf 78' lang='lat' dir='ltr'><strong>‚Geo-</strong></span> 
     </span>
    </p>
   </div>
   <div class='ocr_carea' id='block_1_4' title="bbox 389 2674 2589 4376">
    <p class='ocr_par' dir='ltr' id='par_1_10' title="bbox 405 2674 2589 3014">
     <span class='ocr_line' id='line_1_27' title="bbox 405 2674 2589 2760; baseline -0.002 -23"><span class='ocrx_word' id='word_1_255' title='bbox 405 2679 705 2757; x_wconf 77' lang='lat' dir='ltr'><strong>gmphiae</strong></span> <span class='ocrx_word' id='word_1_256' title='bbox 753 2679 953 2739; x_wconf 82' lang='lat' dir='ltr'><strong>codice</strong></span> <span class='ocrx_word' id='word_1_257' title='bbox 992 2685 1249 2760; x_wconf 78' lang='lat' dir='ltr'><strong>optimae</strong></span> <span class='ocrx_word' id='word_1_258' title='bbox 1275 2694 1455 2741; x_wconf 86' lang='lat' dir='ltr'><strong>notae</strong></span> <span class='ocrx_word' id='word_1_259' title='bbox 1482 2682 1546 2738; x_wconf 90' lang='lat' dir='ltr'><strong>in</strong></span> <span class='ocrx_word' id='word_1_260' title='bbox 1574 2676 1934 2737; x_wconf 78' lang='lat' dir='ltr'><strong>bibliotheca</strong></span> <span class='ocrx_word' id='word_1_261' title='bbox 1962 2677 2354 2735; x_wconf 81' lang='lat' dir='ltr'><strong>Ambrosiana</strong></span> <span class='ocrx_word' id='word_1_262' title='bbox 2382 2674 2589 2733; x_wconf 71' lang='lat' dir='ltr'><strong>adser-</strong></span> 
     </span>
     <span class='ocr_line' id='line_1_28' title="bbox 410 2758 2588 2844; baseline -0.002 -23"><span class='ocrx_word' id='word_1_263' title='bbox 410 2774 551 2822; x_wconf 83' lang='lat' dir='ltr'><strong>vato</strong></span> <span class='ocrx_word' id='word_1_264' title='bbox 597 2758 801 2827; x_wconf 75' lang='grc' dir='ltr'><strong><em>αὖσων</em></strong></span> <span class='ocrx_word' id='word_1_265' title='bbox 843 2767 1062 2844; x_wconf 83' lang='lat' dir='ltr'><strong>legitur</strong></span> <span class='ocrx_word' id='word_1_266' title='bbox 1100 2787 1233 2823; x_wconf 81' lang='lat' dir='ltr'><strong>oum</strong></span> <span class='ocrx_word' id='word_1_267' title='bbox 1272 2769 1334 2823; x_wconf 91' lang='lat' dir='ltr'><strong>in</strong></span> <span class='ocrx_word' id='word_1_268' title='bbox 1374 2777 1547 2825; x_wconf 85' lang='lat' dir='ltr'><strong>textu</strong></span> <span class='ocrx_word' id='word_1_269' title='bbox 1581 2776 1713 2823; x_wconf 89' lang='lat' dir='ltr'><strong>tum</strong></span> <span class='ocrx_word' id='word_1_270' title='bbox 1755 2766 1818 2820; x_wconf 81' lang='lat' dir='ltr'><strong>in</strong></span> <span class='ocrx_word' id='word_1_271' title='bbox 1855 2764 2055 2823; x_wconf 78' lang='lat' dir='ltr'><strong>tabula</strong></span> <span class='ocrx_word' id='word_1_272' title='bbox 2089 2764 2120 2824; x_wconf 90' lang='lat'>1</span> <span class='ocrx_word' id='word_1_273' title='bbox 2166 2762 2435 2834; x_wconf 81' lang='lat' dir='ltr'><strong>Africae,</strong></span> <span class='ocrx_word' id='word_1_274' title='bbox 2485 2760 2588 2817; x_wconf 73' lang='lat' dir='ltr'><strong>ubi</strong></span> 
     </span>
     <span class='ocr_line' id='line_1_29' title="bbox 410 2844 2589 2930; baseline 0.002 -25"><span class='ocrx_word' id='word_1_275' title='bbox 410 2849 727 2930; x_wconf 80' lang='lat' dir='ltr'><strong>utrobique</strong></span> <span class='ocrx_word' id='word_1_276' title='bbox 769 2851 905 2908; x_wconf 80' lang='lat' dir='ltr'><strong>libri</strong></span> <span class='ocrx_word' id='word_1_277' title='bbox 951 2850 1096 2908; x_wconf 85' lang='lat' dir='ltr'><strong>editi</strong></span> <span class='ocrx_word' id='word_1_278' title='bbox 1142 2849 1368 2910; x_wconf 83' lang='lat' dir='ltr'><strong>habent</strong></span> <span class='ocrx_word' id='word_1_279' title='bbox 1407 2845 1618 2914; x_wconf 65' lang='lat' dir='ltr'><strong>adcon.</strong></span> <span class='ocrx_word' id='word_1_280' title='bbox 1702 2869 1761 2912; x_wconf 78' lang='lat' dir='ltr'><strong>v,</strong></span> <span class='ocrx_word' id='word_1_281' title='bbox 1806 2846 1901 2911; x_wconf 86' lang='lat' dir='ltr'><strong>ed.</strong></span> <span class='ocrx_word' id='word_1_282' title='bbox 1943 2851 2049 2910; x_wconf 79' lang='lat' dir='ltr'><strong>Pe.</strong></span> <span class='ocrx_word' id='word_1_283' title='bbox 2085 2849 2271 2906; x_wconf 82' lang='lat' dir='ltr'><strong>Bertii</strong></span> <span class='ocrx_word' id='word_1_284' title='bbox 2312 2849 2378 2904; x_wconf 79' lang='lat' dir='ltr'><strong>in</strong></span> <span class='ocrx_word' id='word_1_285' title='bbox 2418 2844 2589 2906; x_wconf 61' lang='lat' dir='ltr'><strong>Thes·</strong></span> 
     </span>
     <span class='ocr_line' id='line_1_30' title="bbox 416 2934 2560 3014; baseline -0.002 -21"><span class='ocrx_word' id='word_1_286' title='bbox 416 2934 641 3013; x_wconf 69' lang='lat' dir='ltr'><strong>Geogr.</strong></span> <span class='ocrx_word' id='word_1_287' title='bbox 668 2946 710 2997; x_wconf 92' lang='lat' dir='ltr'><strong>t.</strong></span> <span class='ocrx_word' id='word_1_288' title='bbox 743 2940 770 2998; x_wconf 88' lang='lat'>1</span> <span class='ocrx_word' id='word_1_289' title='bbox 806 2956 863 3014; x_wconf 88' lang='lat' dir='ltr'><strong>p.</strong></span> <span class='ocrx_word' id='word_1_290' title='bbox 893 2938 1035 2999; x_wconf 87' lang='grc'><strong>108.</strong></span> <span class='ocrx_word' id='word_1_291' title='bbox 2551 2952 2560 2965; x_wconf 75' lang='grc'><em>·</em></span> 
     </span>
    </p>

    <p class='ocr_par' dir='ltr' id='par_1_11' title="bbox 410 3018 2589 3355">
     <span class='ocr_line' id='line_1_31' title="bbox 577 3018 2588 3101; baseline -0.005 -20"><span class='ocrx_word' id='word_1_292' title='bbox 577 3022 679 3084; x_wconf 91' lang='grc'><strong>62.</strong></span> <span class='ocrx_word' id='word_1_293' title='bbox 757 3019 826 3079; x_wconf 88' lang='lat' dir='ltr'><strong>hi</strong></span> <span class='ocrx_word' id='word_1_294' title='bbox 851 3022 1060 3101; x_wconf 85' lang='lat' dir='ltr'><strong>populi</strong></span> <span class='ocrx_word' id='word_1_295' title='bbox 1084 3020 1327 3078; x_wconf 90' lang='lat' dir='ltr'><strong>omnino</strong></span> <span class='ocrx_word' id='word_1_296' title='bbox 1360 3031 1498 3079; x_wconf 76' lang='lat' dir='ltr'><strong>sunt</strong></span> <span class='ocrx_word' id='word_1_297' title='bbox 1522 3021 1732 3098; x_wconf 85' lang='lat' dir='ltr'><strong>ignoti.</strong></span> <span class='ocrx_word' id='word_1_298' title='bbox 1818 3020 2102 3078; x_wconf 67' lang='lat' dir='ltr'><strong>Macares</strong></span> <span class='ocrx_word' id='word_1_299' title='bbox 2131 3018 2378 3076; x_wconf 76' lang='lat' dir='ltr'><strong>sortasse</strong></span> <span class='ocrx_word' id='word_1_300' title='bbox 2403 3034 2588 3092; x_wconf 85' lang='lat' dir='ltr'><strong>prope</strong></span> 
     </span>
     <span class='ocr_line' id='line_1_32' title="bbox 410 3098 2589 3184; baseline -0.003 -22"><span class='ocrx_word' id='word_1_301' title='bbox 410 3101 674 3163; x_wconf 79' lang='lat' dir='ltr'><strong>desertas</strong></span> <span class='ocrx_word' id='word_1_302' title='bbox 714 3108 986 3184; x_wconf 82' lang='lat' dir='ltr'><strong>regiones</strong></span> <span class='ocrx_word' id='word_1_303' title='bbox 1023 3109 1414 3164; x_wconf 84' lang='lat' dir='ltr'><strong>Mauritianae</strong></span> <span class='ocrx_word' id='word_1_304' title='bbox 1459 3107 1761 3165; x_wconf 79' lang='lat' dir='ltr'><strong>Sitifensis</strong></span> <span class='ocrx_word' id='word_1_305' title='bbox 1803 3105 2172 3177; x_wconf 82' lang='lat' dir='ltr'><strong>incolebant,</strong></span> <span class='ocrx_word' id='word_1_306' title='bbox 2240 3101 2342 3159; x_wconf 86' lang='lat' dir='ltr'><strong>ubi</strong></span> <span class='ocrx_word' id='word_1_307' title='bbox 2383 3098 2589 3156; x_wconf 85' lang='lat' dir='ltr'><strong>aderat</strong></span> 
     </span>
     <span class='ocr_line' id='line_1_33' title="bbox 410 3184 2581 3269; baseline -0.003 -22"><span class='ocrx_word' id='word_1_308' title='bbox 410 3187 697 3267; x_wconf 87' lang='lat' dir='ltr'><strong>oppidum</strong></span> <span class='ocrx_word' id='word_1_309' title='bbox 736 3193 938 3255; x_wconf 84' lang='lat' dir='ltr'><strong>Macri.</strong></span> <span class='ocrx_word' id='word_1_310' title='bbox 1022 3212 1081 3254; x_wconf 78' lang='lat' dir='ltr'><strong>v.</strong></span> <span class='ocrx_word' id='word_1_311' title='bbox 1120 3193 1595 3269; x_wconf 76' lang='lat' dir='ltr'><strong>Wesseliuginm</strong></span> <span class='ocrx_word' id='word_1_312' title='bbox 1645 3194 1710 3248; x_wconf 88' lang='lat' dir='ltr'><strong>in</strong></span> <span class='ocrx_word' id='word_1_313' title='bbox 1746 3193 1903 3248; x_wconf 84' lang='lat' dir='ltr'><strong>notis</strong></span> <span class='ocrx_word' id='word_1_314' title='bbox 1946 3188 2023 3247; x_wconf 86' lang='lat' dir='ltr'><strong>ad</strong></span> <span class='ocrx_word' id='word_1_315' title='bbox 2062 3186 2374 3245; x_wconf 73' lang='lat' dir='ltr'><strong>Antonini.</strong></span> <span class='ocrx_word' id='word_1_316' title='bbox 2406 3184 2581 3262; x_wconf 76' lang='lat' dir='ltr'><em>Aug.</em></span> 
     </span>
     <span class='ocr_line' id='line_1_34' title="bbox 413 3274 2403 3355; baseline 0 -23"><span class='ocrx_word' id='word_1_317' title='bbox 413 3275 801 3333; x_wconf 70' lang='lat' dir='ltr'><strong>Itinerarium</strong></span> <span class='ocrx_word' id='word_1_318' title='bbox 828 3297 889 3355; x_wconf 88' lang='lat' dir='ltr'><strong>p.</strong></span> <span class='ocrx_word' id='word_1_319' title='bbox 922 3280 1038 3349; x_wconf 81' lang='grc'><strong>80,</strong></span> <span class='ocrx_word' id='word_1_320' title='bbox 1082 3286 1140 3334; x_wconf 84' lang='lat' dir='ltr'><strong>et</strong></span> <span class='ocrx_word' id='word_1_321' title='bbox 1164 3277 1433 3333; x_wconf 88' lang='lat' dir='ltr'><strong>Morcelli</strong></span> <span class='ocrx_word' id='word_1_322' title='bbox 1461 3276 1750 3355; x_wconf 70' lang='lat' dir='ltr'><strong>Asi-icam</strong></span> <span class='ocrx_word' id='word_1_323' title='bbox 1786 3275 2001 3333; x_wconf 74' lang='lat' dir='ltr'><strong>Christ.</strong></span> <span class='ocrx_word' id='word_1_324' title='bbox 2031 3283 2074 3334; x_wconf 83' lang='lat' dir='ltr'><strong>t.</strong></span> <span class='ocrx_word' id='word_1_325' title='bbox 2107 3277 2137 3334; x_wconf 84' lang='lat'>1</span> <span class='ocrx_word' id='word_1_326' title='bbox 2171 3291 2230 3349; x_wconf 91' lang='lat' dir='ltr'><strong>p.</strong></span> <span class='ocrx_word' id='word_1_327' title='bbox 2263 3274 2403 3333; x_wconf 73' lang='lat'><strong>207.</strong></span> 
     </span>
    </p>

    <p class='ocr_par' dir='ltr' id='par_1_12' title="bbox 389 3353 2589 4262">
     <span class='ocr_line' id='line_1_35' title="bbox 578 3353 2588 3423; baseline -0.006 0"><span class='ocrx_word' id='word_1_328' title='bbox 578 3363 677 3423; x_wconf 85' lang='lat'><strong>66.</strong></span> <span class='ocrx_word' id='word_1_329' title='bbox 763 3381 839 3418; x_wconf 86' lang='lat' dir='ltr'><strong>an</strong></span> <span class='ocrx_word' id='word_1_330' title='bbox 875 3361 1173 3419; x_wconf 67' lang='lat' dir='ltr'><strong>Silzactae</strong></span> <span class='ocrx_word' id='word_1_331' title='bbox 1195 3380 1230 3418; x_wconf 84' lang='lat' dir='ltr'><strong>a</strong></span> <span class='ocrx_word' id='word_1_332' title='bbox 1261 3362 1455 3420; x_wconf 62' lang='lat' dir='ltr'><strong>Salina</strong></span> <span class='ocrx_word' id='word_1_333' title='bbox 1482 3362 1725 3418; x_wconf 83' lang='lat' dir='ltr'><strong>flumine</strong></span> <span class='ocrx_word' id='word_1_334' title='bbox 1751 3368 2062 3416; x_wconf 81' lang='lat' dir='ltr'><strong>traxerunt</strong></span> <span class='ocrx_word' id='word_1_335' title='bbox 2082 3376 2299 3414; x_wconf 86' lang='lat' dir='ltr'><strong>nomen</strong></span> <span class='ocrx_word' id='word_1_336' title='bbox 2316 3353 2346 3412; x_wconf 68' lang='grc' dir='ltr'><strong>’ξ</strong></span> <span class='ocrx_word' id='word_1_337' title='bbox 2392 3362 2588 3411; x_wconf 82' lang='lat' dir='ltr'><strong>exstat</strong></span> 
     </span>
     <span class='ocr_line' id='line_1_36' title="bbox 412 3440 2587 3525; baseline -0.002 -26"><span class='ocrx_word' id='word_1_338' title='bbox 412 3461 669 3522; x_wconf 87' lang='lat' dir='ltr'><strong>namque</strong></span> <span class='ocrx_word' id='word_1_339' title='bbox 694 3443 850 3503; x_wconf 87' lang='lat' dir='ltr'><strong>illnd</strong></span> <span class='ocrx_word' id='word_1_340' title='bbox 884 3449 949 3503; x_wconf 86' lang='lat' dir='ltr'><strong>in</strong></span> <span class='ocrx_word' id='word_1_341' title='bbox 973 3448 1298 3524; x_wconf 80' lang='lat' dir='ltr'><strong>Tingitana</strong></span> <span class='ocrx_word' id='word_1_342' title='bbox 1328 3448 1632 3525; x_wconf 74' lang='lat' dir='ltr'><strong>provincIa</strong></span> <span class='ocrx_word' id='word_1_343' title='bbox 1656 3462 1837 3521; x_wconf 86' lang='lat' dir='ltr'><strong>prope</strong></span> <span class='ocrx_word' id='word_1_344' title='bbox 1866 3444 2170 3501; x_wconf 80' lang='lat' dir='ltr'><strong>Atlantem</strong></span> <span class='ocrx_word' id='word_1_345' title='bbox 2200 3443 2491 3497; x_wconf 81' lang='lat' dir='ltr'><strong>minorem</strong></span> <span class='ocrx_word' id='word_1_346' title='bbox 2523 3440 2587 3495; x_wconf 86' lang='lat' dir='ltr'><strong>in</strong></span> 
     </span>
     <span class='ocr_line' id='line_1_37' title="bbox 408 3524 2588 3609; baseline -0.003 -24"><span class='ocrx_word' id='word_1_347' title='bbox 408 3528 740 3587; x_wconf 85' lang='lat' dir='ltr'><strong>Ptolemaei</strong></span> <span class='ocrx_word' id='word_1_348' title='bbox 791 3532 1010 3609; x_wconf 77' lang='lat' dir='ltr'><strong>Geogr.</strong></span> <span class='ocrx_word' id='word_1_349' title='bbox 1048 3530 1089 3592; x_wconf 77' lang='grc'><strong>4</strong></span> <span class='ocrx_word' id='word_1_350' title='bbox 1125 3531 1245 3593; x_wconf 85' lang='lat' dir='ltr'><strong>tab.</strong></span> <span class='ocrx_word' id='word_1_351' title='bbox 1281 3536 1312 3594; x_wconf 91' lang='grc'><strong>1</strong></span> <span class='ocrx_word' id='word_1_352' title='bbox 1351 3532 1610 3590; x_wconf 86' lang='lat' dir='ltr'><strong>Africae.</strong></span> <span class='ocrx_word' id='word_1_353' title='bbox 1695 3527 1920 3585; x_wconf 84' lang='lat' dir='ltr'><strong>ibidem</strong></span> <span class='ocrx_word' id='word_1_354' title='bbox 1958 3546 2126 3584; x_wconf 81' lang='lat' dir='ltr'><strong>secus</strong></span> <span class='ocrx_word' id='word_1_355' title='bbox 2173 3524 2324 3582; x_wconf 87' lang='lat' dir='ltr'><strong>illud</strong></span> <span class='ocrx_word' id='word_1_356' title='bbox 2367 3524 2588 3580; x_wconf 81' lang='lat' dir='ltr'><strong>flumen</strong></span> 
     </span>
     <span class='ocr_line' id='line_1_38' title="bbox 409 3609 2588 3693; baseline -0.003 -24"><span class='ocrx_word' id='word_1_357' title='bbox 409 3623 548 3670; x_wconf 79' lang='lat' dir='ltr'><strong>sunt</strong></span> <span class='ocrx_word' id='word_1_358' title='bbox 596 3614 794 3671; x_wconf 77' lang='lat' dir='ltr'><strong>Cauni</strong></span> <span class='ocrx_word' id='word_1_359' title='bbox 833 3616 1038 3693; x_wconf 84' lang='lat' dir='ltr'><strong>populi</strong></span> <span class='ocrx_word' id='word_1_360' title='bbox 1077 3615 1406 3673; x_wconf 77' lang='lat' dir='ltr'><strong>secundnm</strong></span> <span class='ocrx_word' id='word_1_361' title='bbox 1446 3617 1778 3673; x_wconf 74' lang='lat' dir='ltr'><strong>versionem</strong></span> <span class='ocrx_word' id='word_1_362' title='bbox 1803 3612 2072 3669; x_wconf 85' lang='lat' dir='ltr'><strong>Montani</strong></span> <span class='ocrx_word' id='word_1_363' title='bbox 2113 3613 2188 3666; x_wconf 45' lang='lat' dir='ltr'><strong>in¹</strong></span> <span class='ocrx_word' id='word_1_364' title='bbox 2213 3609 2305 3670; x_wconf 90' lang='lat' dir='ltr'><strong>ed.</strong></span> <span class='ocrx_word' id='word_1_365' title='bbox 2338 3609 2588 3671; x_wconf 82' lang='lat' dir='ltr'><strong>Amstel.</strong></span> 
     </span>
     <span class='ocr_line' id='line_1_39' title="bbox 415 3692 2587 3780; baseline -0.002 -21"><span class='ocrx_word' id='word_1_366' title='bbox 415 3697 608 3772; x_wconf 84' lang='lat'><strong>1605,</strong></span> <span class='ocrx_word' id='word_1_367' title='bbox 677 3719 783 3777; x_wconf 85' lang='lat' dir='ltr'><strong>pro</strong></span> <span class='ocrx_word' id='word_1_368' title='bbox 827 3702 1152 3780; x_wconf 80' lang='lat' dir='ltr'><strong>quibusin</strong></span> <span class='ocrx_word' id='word_1_369' title='bbox 1193 3711 1363 3758; x_wconf 80' lang='lat' dir='ltr'><strong>textu</strong></span> <span class='ocrx_word' id='word_1_370' title='bbox 1406 3703 1631 3758; x_wconf 83' lang='lat' dir='ltr'><strong>Graeco</strong></span> <span class='ocrx_word' id='word_1_371' title='bbox 1674 3700 1894 3775; x_wconf 87' lang='lat' dir='ltr'><strong>legitur</strong></span> <span class='ocrx_word' id='word_1_372' title='bbox 1933 3700 2261 3768; x_wconf 75' lang='grc' dir='ltr'><strong><em>Καυσῖνοι,</em></strong></span> <span class='ocrx_word' id='word_1_373' title='bbox 2315 3692 2587 3759; x_wconf 48' lang='lat' dir='ltr'><strong>‚mult-”in</strong></span> 
     </span>
     <span class='ocr_line' id='line_1_40' title="bbox 389 3779 2586 3847; baseline -0.001 -9"><span class='ocrx_word' id='word_1_374' title='bbox 389 3780 669 3842; x_wconf 72' lang='lat' dir='ltr'><strong>¹editione</strong></span> <span class='ocrx_word' id='word_1_375' title='bbox 700 3788 842 3842; x_wconf 87' lang='lat' dir='ltr'><strong>anni</strong></span> <span class='ocrx_word' id='word_1_376' title='bbox 878 3787 1037 3847; x_wconf 84' lang='lat'>1619</span> <span class='ocrx_word' id='word_1_377' title='bbox 1080 3788 1262 3845; x_wconf 88' lang='lat' dir='ltr'><strong>etiam</strong></span> <span class='ocrx_word' id='word_1_378' title='bbox 1287 3789 1497 3843; x_wconf 85' lang='lat' dir='ltr'><strong>Latine</strong></span> <span class='ocrx_word' id='word_1_379' title='bbox 1528 3794 1668 3843; x_wconf 76' lang='lat' dir='ltr'><strong>sunt</strong></span> <span class='ocrx_word' id='word_1_380' title='bbox 1704 3783 1969 3842; x_wconf 71' lang='lat' dir='ltr'><strong>Comini.</strong></span> <span class='ocrx_word' id='word_1_381' title='bbox 2059 3783 2122 3837; x_wconf 89' lang='lat' dir='ltr'><strong>in</strong></span> <span class='ocrx_word' id='word_1_382' title='bbox 2154 3779 2355 3837; x_wconf 82' lang='lat' dir='ltr'><strong>tabula</strong></span> <span class='ocrx_word' id='word_1_383' title='bbox 2387 3788 2586 3836; x_wconf 87' lang='lat' dir='ltr'><strong>autem</strong></span> 
     </span>
     <span class='ocr_line' id='line_1_41' title="bbox 409 3864 2585 3941; baseline -0 -20"><span class='ocrx_word' id='word_1_384' title='bbox 409 3876 606 3925; x_wconf 76' lang='lat' dir='ltr'><strong>exstat</strong></span> <span class='ocrx_word' id='word_1_385' title='bbox 634 3868 832 3928; x_wconf 80' lang='lat' dir='ltr'><strong>adhuc</strong></span> <span class='ocrx_word' id='word_1_386' title='bbox 869 3871 1102 3940; x_wconf 74' lang='lat' dir='ltr'><strong>Cauni,</strong></span> <span class='ocrx_word' id='word_1_387' title='bbox 1162 3890 1297 3928; x_wconf 83' lang='lat' dir='ltr'><strong>oum</strong></span> <span class='ocrx_word' id='word_1_388' title='bbox 1339 3869 1586 3928; x_wconf 85' lang='lat' dir='ltr'><strong>eaedem</strong></span> <span class='ocrx_word' id='word_1_389' title='bbox 1623 3869 1862 3926; x_wconf 85' lang='lat' dir='ltr'><strong>tabulae</strong></span> <span class='ocrx_word' id='word_1_390' title='bbox 1896 3864 2197 3924; x_wconf 85' lang='lat' dir='ltr'><strong>adhibitae</strong></span> <span class='ocrx_word' id='word_1_391' title='bbox 2227 3866 2446 3922; x_wconf 86' lang='lat' dir='ltr'><strong>fuerint</strong></span> <span class='ocrx_word' id='word_1_392' title='bbox 2476 3882 2585 3941; x_wconf 88' lang='lat' dir='ltr'><strong>pro</strong></span> 
     </span>
     <span class='ocr_line' id='line_1_42' title="bbox 412 3944 2587 4033; baseline 0 -26"><span class='ocrx_word' id='word_1_393' title='bbox 412 3961 658 4031; x_wconf 83' lang='lat' dir='ltr'><strong>utraque</strong></span> <span class='ocrx_word' id='word_1_394' title='bbox 705 3954 981 4019; x_wconf 85' lang='lat' dir='ltr'><strong>editione.</strong></span> <span class='ocrx_word' id='word_1_395' title='bbox 1068 3954 1231 4033; x_wconf 80' lang='lat' dir='ltr'><strong>apud</strong></span> <span class='ocrx_word' id='word_1_396' title='bbox 1256 3957 1585 4014; x_wconf 80' lang='lat' dir='ltr'><strong>cellarium·</strong></span> <span class='ocrx_word' id='word_1_397' title='bbox 1622 3965 1712 4012; x_wconf 75' lang='lat' dir='ltr'><strong>est</strong></span> <span class='ocrx_word' id='word_1_398' title='bbox 1751 3955 1924 4011; x_wconf 82' lang='lat' dir='ltr'><strong>lectio</strong></span> <span class='ocrx_word' id='word_1_399' title='bbox 1971 3953 2268 4029; x_wconf 87' lang='lat' dir='ltr'><strong>antiquior</strong></span> <span class='ocrx_word' id='word_1_400' title='bbox 2297 3952 2509 4007; x_wconf 84' lang='lat' dir='ltr'><strong>Latina</strong></span> <span class='ocrx_word' id='word_1_401' title='bbox 2545 3944 2587 4007; x_wconf 80' lang='lat'><strong>4</strong></span> 
     </span>
     <span class='ocr_line' id='line_1_43' title="bbox 412 4036 2589 4119; baseline -0.003 -24"><span class='ocrx_word' id='word_1_402' title='bbox 412 4039 451 4095; x_wconf 91' lang='grc'><strong>7</strong></span> <span class='ocrx_word' id='word_1_403' title='bbox 478 4055 539 4112; x_wconf 88' lang='lat' dir='ltr'><strong>p.</strong></span> <span class='ocrx_word' id='word_1_404' title='bbox 566 4040 721 4111; x_wconf 82' lang='lat'><strong>213,</strong></span> <span class='ocrx_word' id='word_1_405' title='bbox 764 4059 980 4119; x_wconf 87' lang='lat' dir='ltr'><strong>nempe</strong></span> <span class='ocrx_word' id='word_1_406' title='bbox 1018 4040 1255 4113; x_wconf 75' lang='lat' dir='ltr'><strong>Cauni;</strong></span> <span class='ocrx_word' id='word_1_407' title='bbox 1319 4051 1386 4097; x_wconf 89' lang='lat' dir='ltr'><strong>ut</strong></span> <span class='ocrx_word' id='word_1_408' title='bbox 1422 4051 1480 4098; x_wconf 83' lang='lat' dir='ltr'><strong>et</strong></span> <span class='ocrx_word' id='word_1_409' title='bbox 1514 4043 1578 4098; x_wconf 88' lang='lat' dir='ltr'><strong>in</strong></span> <span class='ocrx_word' id='word_1_410' title='bbox 1607 4037 1738 4101; x_wconf 84' lang='lat' dir='ltr'><strong>cod.</strong></span> <span class='ocrx_word' id='word_1_411' title='bbox 1769 4040 1991 4096; x_wconf 84' lang='lat' dir='ltr'><strong>Graeco</strong></span> <span class='ocrx_word' id='word_1_412' title='bbox 2020 4036 2411 4094; x_wconf 73' lang='lat' dir='ltr'><strong>Ambrosiauo</strong></span> <span class='ocrx_word' id='word_1_413' title='bbox 2438 4051 2589 4091; x_wconf 83' lang='lat' dir='ltr'><strong>mox</strong></span> 
     </span>
     <span class='ocr_line' id='line_1_44' title="bbox 408 4118 2585 4201; baseline -0.001 -26"><span class='ocrx_word' id='word_1_414' title='bbox 408 4119 590 4176; x_wconf 70' lang='lat' dir='ltr'><strong>citato</strong></span> <span class='ocrx_word' id='word_1_415' title='bbox 632 4123 853 4201; x_wconf 81' lang='lat' dir='ltr'><strong>legitur</strong></span> <span class='ocrx_word' id='word_1_416' title='bbox 891 4128 1153 4188; x_wconf 76' lang='grc' dir='ltr'><strong>Καῦνοι.</strong></span> <span class='ocrx_word' id='word_1_417' title='bbox 1270 4123 1411 4185; x_wconf 78' lang='lat' dir='ltr'><strong>hino</strong></span> <span class='ocrx_word' id='word_1_418' title='bbox 1464 4126 1698 4186; x_wconf 64' lang='lat' dir='ltr'><strong>ommes</strong></span> <span class='ocrx_word' id='word_1_419' title='bbox 1753 4134 1926 4182; x_wconf 86' lang='lat' dir='ltr'><strong>erunt</strong></span> <span class='ocrx_word' id='word_1_420' title='bbox 1979 4123 2225 4180; x_wconf 79' lang='lat' dir='ltr'><strong>forsitan</strong></span> <span class='ocrx_word' id='word_1_421' title='bbox 2280 4118 2463 4177; x_wconf 66' lang='lat' dir='ltr'><strong>iidem</strong></span> <span class='ocrx_word' id='word_1_422' title='bbox 2517 4136 2585 4173; x_wconf 82' lang='lat' dir='ltr'><strong>ae</strong></span> 
     </span>
     <span class='ocr_line' id='line_1_45' title="bbox 418 4203 633 4262; baseline 0.005 -1"><span class='ocrx_word' id='word_1_423' title='bbox 418 4203 633 4262; x_wconf 76' lang='lat' dir='ltr'><strong>Cauni.</strong></span> 
     </span>
    </p>

    <p class='ocr_par' dir='ltr' id='par_1_13' title="bbox 578 4285 2587 4376">
     <span class='ocr_line' id='line_1_46' title="bbox 578 4285 2587 4376; baseline -0.005 -25"><span class='ocrx_word' id='word_1_424' title='bbox 578 4293 681 4352; x_wconf 89' lang='grc'><strong>72.</strong></span> <span class='ocrx_word' id='word_1_425' title='bbox 767 4295 933 4371; x_wconf 83' lang='lat' dir='ltr'><strong>Virg.</strong></span> <span class='ocrx_word' id='word_1_426' title='bbox 995 4295 1212 4375; x_wconf 77' lang='lat' dir='ltr'><strong>Geor-g.</strong></span> <span class='ocrx_word' id='word_1_427' title='bbox 1255 4297 1290 4358; x_wconf 92' lang='lat'>1</span> <span class='ocrx_word' id='word_1_428' title='bbox 1330 4299 1484 4360; x_wconf 77' lang='grc'><strong>1113</strong></span> <span class='ocrx_word' id='word_1_429' title='bbox 1544 4315 1620 4354; x_wconf 77' lang='lat' dir='ltr'><strong>ne</strong></span> <span class='ocrx_word' id='word_1_430' title='bbox 1651 4292 1930 4376; x_wconf 72' lang='lat' dir='ltr'><strong>gravidis</strong></span> <span class='ocrx_word' id='word_1_431' title='bbox 1964 4287 2320 4370; x_wconf 78' lang='lat' dir='ltr'><strong>procumbat</strong></span> <span class='ocrx_word' id='word_1_432' title='bbox 2356 4285 2587 4344; x_wconf 62' lang='lat' dir='ltr'><strong>culmus</strong></span> 
     </span>
    </p>
   </div>
   <div class='ocr_carea' id='block_1_5' title="bbox 408 4374 1081 4432">
    <p class='ocr_par' dir='ltr' id='par_1_14' title="bbox 408 4374 1081 4432">
     <span class='ocr_line' id='line_1_47' title="bbox 408 4374 1081 4432; baseline 0.001 -3"><span class='ocrx_word' id='word_1_433' title='bbox 408 4374 625 4432; x_wconf 65' lang='lat' dir='ltr'><strong>ari-slis.</strong></span> <span class='ocrx_word' id='word_1_434' title='bbox 1074 4414 1081 4419; x_wconf 93' lang='lat'>-</span> 
     </span>
    </p>
   </div>
  </div>
 </body>
</html>
