<?xml version="1.0" encoding="UTF-8"?>
<!DOCTYPE html PUBLIC "-//W3C//DTD XHTML 1.0 Transitional//EN"
    "http://www.w3.org/TR/xhtml1/DTD/xhtml1-transitional.dtd">
<html xmlns="http://www.w3.org/1999/xhtml" xml:lang="en" lang="en">
 <head>
  <title>
</title>
<meta http-equiv="Content-Type" content="text/html;charset=utf-8" />
  <meta name='ocr-system' content='tesseract 3.04.00' />
  <meta name='ocr-capabilities' content='ocr_page ocr_carea ocr_par ocr_line ocrx_word'/>
</head>
<body>
  <div class='ocr_page' id='page_1' title='image "./carminumpanegyr00niebgoog_0482.png"; bbox 0 0 3210 5200; ppageno 0'>
   <div class='ocr_carea' id='block_1_1' title="bbox 693 384 2223 464">
    <p class='ocr_par' dir='ltr' id='par_1_1' title="bbox 693 384 2223 464">
     <span class='ocr_line' id='line_1_1' title="bbox 693 384 2223 464; baseline -0.01 1"><span class='ocrx_word' id='word_1_1' title='bbox 693 392 840 464; x_wconf 78' lang='lat'>396</span> <span class='ocrx_word' id='word_1_2' title='bbox 1318 389 1601 459; x_wconf 81' lang='lat' dir='ltr'><strong>NOTAE</strong></span> <span class='ocrx_word' id='word_1_3' title='bbox 1647 388 1740 455; x_wconf 85' lang='lat' dir='ltr'>IN</span> <span class='ocrx_word' id='word_1_4' title='bbox 1789 385 2110 453; x_wconf 85' lang='lat' dir='ltr'><strong>LIBRUM</strong></span> <span class='ocrx_word' id='word_1_5' title='bbox 2154 384 2223 451; x_wconf 87' lang='lat'>11</span> 
     </span>
    </p>
   </div>
   <div class='ocr_carea' id='block_1_2' title="bbox 694 546 2893 2652">
    <p class='ocr_par' dir='ltr' id='par_1_2' title="bbox 694 546 2875 891">
     <span class='ocr_line' id='line_1_2' title="bbox 861 546 2875 635; baseline -0.005 -16"><span class='ocrx_word' id='word_1_6' title='bbox 861 564 1005 628; x_wconf 80' lang='grc'><strong>380.</strong></span> <span class='ocrx_word' id='word_1_7' title='bbox 1090 557 1437 635; x_wconf 74' lang='lat' dir='ltr'>exemplum</span> <span class='ocrx_word' id='word_1_8' title='bbox 1480 553 1598 614; x_wconf 87' lang='lat' dir='ltr'>hoc</span> <span class='ocrx_word' id='word_1_9' title='bbox 1638 553 1896 634; x_wconf 76' lang='lat' dir='ltr'>pertinet</span> <span class='ocrx_word' id='word_1_10' title='bbox 1934 549 2013 610; x_wconf 88' lang='lat' dir='ltr'>ad</span> <span class='ocrx_word' id='word_1_11' title='bbox 2054 552 2098 609; x_wconf 86' lang='lat' dir='ltr'>l.</span> <span class='ocrx_word' id='word_1_12' title='bbox 2136 548 2177 612; x_wconf 79' lang='lat'>4</span> <span class='ocrx_word' id='word_1_13' title='bbox 2220 550 2289 608; x_wconf 80' lang='lat' dir='ltr'>C.</span> <span class='ocrx_word' id='word_1_14' title='bbox 2331 546 2409 607; x_wconf 90' lang='lat' dir='ltr'>de</span> <span class='ocrx_word' id='word_1_15' title='bbox 2449 549 2673 629; x_wconf 63' lang='lat' dir='ltr'>legib„</span> <span class='ocrx_word' id='word_1_16' title='bbox 2725 560 2782 608; x_wconf 88' lang='lat' dir='ltr'>et</span> <span class='ocrx_word' id='word_1_17' title='bbox 2827 552 2875 609; x_wconf 88' lang='grc'>1.</span> 
     </span>
     <span class='ocr_line' id='line_1_3' title="bbox 694 633 2874 725; baseline -0.005 -20"><span class='ocrx_word' id='word_1_18' title='bbox 694 649 977 725; x_wconf 74' lang='lat' dir='ltr'>Princeps</span> <span class='ocrx_word' id='word_1_19' title='bbox 1005 643 1071 701; x_wconf 83' lang='lat' dir='ltr'>ff.</span> <span class='ocrx_word' id='word_1_20' title='bbox 1104 640 1237 700; x_wconf 92' lang='lat' dir='ltr'>eod.</span> <span class='ocrx_word' id='word_1_21' title='bbox 1265 644 1309 700; x_wconf 88' lang='lat' dir='ltr'>l.</span> <span class='ocrx_word' id='word_1_22' title='bbox 1340 645 1444 705; x_wconf 78' lang='lat'>28.</span> <span class='ocrx_word' id='word_1_23' title='bbox 1532 661 1613 720; x_wconf 85' lang='lat' dir='ltr'>ex</span> <span class='ocrx_word' id='word_1_24' title='bbox 1641 639 2020 718; x_wconf 81' lang='lat' dir='ltr'>imperfecto,</span> <span class='ocrx_word' id='word_1_25' title='bbox 2062 638 2139 694; x_wconf 88' lang='lat' dir='ltr'>D.</span> <span class='ocrx_word' id='word_1_26' title='bbox 2171 633 2246 693; x_wconf 91' lang='lat' dir='ltr'>de</span> <span class='ocrx_word' id='word_1_27' title='bbox 2274 636 2397 712; x_wconf 83' lang='lat' dir='ltr'>leg.</span> <span class='ocrx_word' id='word_1_28' title='bbox 2426 640 2464 698; x_wconf 85' lang='grc'><strong>8</strong></span> <span class='ocrx_word' id='word_1_29' title='bbox 2483 679 2501 708; x_wconf 84' lang='grc'>,</span> <span class='ocrx_word' id='word_1_30' title='bbox 2545 636 2589 693; x_wconf 92' lang='lat'>1.</span> <span class='ocrx_word' id='word_1_31' title='bbox 2620 639 2658 697; x_wconf 80' lang='grc'><strong>8</strong></span> <span class='ocrx_word' id='word_1_32' title='bbox 2684 636 2750 693; x_wconf 79' lang='lat' dir='ltr'>C.</span> <span class='ocrx_word' id='word_1_33' title='bbox 2777 647 2874 694; x_wconf 81' lang='lat' dir='ltr'>te·</span> 
     </span>
     <span class='ocr_line' id='line_1_4' title="bbox 694 718 2873 808; baseline -0.006 -17"><span class='ocrx_word' id='word_1_34' title='bbox 694 744 871 792; x_wconf 82' lang='lat' dir='ltr'>stam.</span> <span class='ocrx_word' id='word_1_35' title='bbox 910 726 946 808; x_wconf 84' lang='lat'>§</span> <span class='ocrx_word' id='word_1_36' title='bbox 984 729 1093 786; x_wconf 84' lang='lat' dir='ltr'>ult.</span> <span class='ocrx_word' id='word_1_37' title='bbox 1135 730 1280 785; x_wconf 87' lang='lat' dir='ltr'>Inst.</span> <span class='ocrx_word' id='word_1_38' title='bbox 1321 726 1539 806; x_wconf 89' lang='lat' dir='ltr'>quibus</span> <span class='ocrx_word' id='word_1_39' title='bbox 1566 723 1729 784; x_wconf 89' lang='lat' dir='ltr'>mod.</span> <span class='ocrx_word' id='word_1_40' title='bbox 1768 734 2005 782; x_wconf 87' lang='lat' dir='ltr'>testam.</span> <span class='ocrx_word' id='word_1_41' title='bbox 2032 721 2146 779; x_wconf 85' lang='lat' dir='ltr'>inf.</span> <span class='ocrx_word' id='word_1_42' title='bbox 2231 718 2407 792; x_wconf 87' lang='lat' dir='ltr'>adde,</span> <span class='ocrx_word' id='word_1_43' title='bbox 2454 718 2617 800; x_wconf 89' lang='lat' dir='ltr'>quod</span> <span class='ocrx_word' id='word_1_44' title='bbox 2638 722 2699 777; x_wconf 84' lang='lat' dir='ltr'>iu</span> <span class='ocrx_word' id='word_1_45' title='bbox 2726 741 2873 779; x_wconf 88' lang='lat' dir='ltr'>con-</span> 
     </span>
     <span class='ocr_line' id='line_1_5' title="bbox 700 803 2810 891; baseline -0.005 -17"><span class='ocrx_word' id='word_1_46' title='bbox 700 816 981 874; x_wconf 86' lang='lat' dir='ltr'>tractibus</span> <span class='ocrx_word' id='word_1_47' title='bbox 1004 815 1279 891; x_wconf 79' lang='lat' dir='ltr'>princeps</span> <span class='ocrx_word' id='word_1_48' title='bbox 1310 810 1554 883; x_wconf 88' lang='lat' dir='ltr'>eodem,</span> <span class='ocrx_word' id='word_1_49' title='bbox 1599 830 1718 890; x_wconf 89' lang='lat' dir='ltr'>quo</span> <span class='ocrx_word' id='word_1_50' title='bbox 1747 812 1993 887; x_wconf 80' lang='lat' dir='ltr'>privati,</span> <span class='ocrx_word' id='word_1_51' title='bbox 2036 809 2164 864; x_wconf 87' lang='lat' dir='ltr'>iure</span> <span class='ocrx_word' id='word_1_52' title='bbox 2194 807 2282 862; x_wconf 87' lang='lat' dir='ltr'>uti</span> <span class='ocrx_word' id='word_1_53' title='bbox 2308 803 2544 863; x_wconf 87' lang='lat' dir='ltr'>debeat.</span> <span class='ocrx_word' id='word_1_54' title='bbox 2628 808 2810 864; x_wconf 74' lang='lat' dir='ltr'>ihr-r.</span> 
     </span>
    </p>

    <p class='ocr_par' dir='ltr' id='par_1_3' title="bbox 704 891 2884 1656">
     <span class='ocr_line' id='line_1_6' title="bbox 872 891 2871 974; baseline -0.003 -18"><span class='ocrx_word' id='word_1_55' title='bbox 872 902 1013 962; x_wconf 80' lang='lat'>382.</span> <span class='ocrx_word' id='word_1_56' title='bbox 1100 897 1364 955; x_wconf 88' lang='lat' dir='ltr'>liberalis</span> <span class='ocrx_word' id='word_1_57' title='bbox 1408 899 1473 952; x_wconf 89' lang='lat' dir='ltr'>in</span> <span class='ocrx_word' id='word_1_58' title='bbox 1515 894 2209 974; x_wconf 71' lang='lat' dir='ltr'>principio&#39;principatns</span> <span class='ocrx_word' id='word_1_59' title='bbox 2244 891 2360 948; x_wconf 82' lang='lat' dir='ltr'>fuit</span> <span class='ocrx_word' id='word_1_60' title='bbox 2393 892 2691 948; x_wconf 86' lang='lat' dir='ltr'>lustinus:</span> <span class='ocrx_word' id='word_1_61' title='bbox 2729 910 2871 950; x_wconf 87' lang='lat' dir='ltr'>nam</span> 
     </span>
     <span class='ocr_line' id='line_1_7' title="bbox 706 975 2874 1044; baseline -0.005 0"><span class='ocrx_word' id='word_1_62' title='bbox 706 986 908 1044; x_wconf 85' lang='lat' dir='ltr'>omnia</span> <span class='ocrx_word' id='word_1_63' title='bbox 952 980 1151 1041; x_wconf 88' lang='lat' dir='ltr'>debita</span> <span class='ocrx_word' id='word_1_64' title='bbox 1196 1002 1231 1038; x_wconf 91' lang='lat' dir='ltr'>a</span> <span class='ocrx_word' id='word_1_65' title='bbox 1267 983 1591 1039; x_wconf 85' lang='lat' dir='ltr'>Iustiniano</span> <span class='ocrx_word' id='word_1_66' title='bbox 1640 988 1936 1037; x_wconf 85' lang='lat' dir='ltr'>contracta</span> <span class='ocrx_word' id='word_1_67' title='bbox 1970 975 2357 1035; x_wconf 85' lang='lat' dir='ltr'>creditoribus</span> <span class='ocrx_word' id='word_1_68' title='bbox 2388 976 2649 1034; x_wconf 79' lang='lat' dir='ltr'>exsolvit</span> <span class='ocrx_word' id='word_1_69' title='bbox 2680 979 2874 1034; x_wconf 87' lang='lat' dir='ltr'>statim</span> 
     </span>
     <span class='ocr_line' id='line_1_8' title="bbox 707 1062 2872 1149; baseline -0.004 -22"><span class='ocrx_word' id='word_1_70' title='bbox 707 1080 886 1149; x_wconf 83' lang='lat' dir='ltr'>atque</span> <span class='ocrx_word' id='word_1_71' title='bbox 917 1066 1165 1145; x_wconf 84' lang='lat' dir='ltr'>adeptus</span> <span class='ocrx_word' id='word_1_72' title='bbox 1192 1076 1281 1124; x_wconf 89' lang='lat' dir='ltr'>est</span> <span class='ocrx_word' id='word_1_73' title='bbox 1305 1068 1643 1145; x_wconf 67' lang='lat' dir='ltr'>inlperinm.</span> <span class='ocrx_word' id='word_1_74' title='bbox 1718 1082 1896 1142; x_wconf 85' lang='lat' dir='ltr'>supra</span> <span class='ocrx_word' id='word_1_75' title='bbox 1925 1065 2070 1126; x_wconf 78' lang='lat'>261.</span> <span class='ocrx_word' id='word_1_76' title='bbox 2135 1080 2250 1118; x_wconf 88' lang='lat' dir='ltr'>nec</span> <span class='ocrx_word' id='word_1_77' title='bbox 2270 1080 2409 1118; x_wconf 77' lang='lat' dir='ltr'>vero</span> <span class='ocrx_word' id='word_1_78' title='bbox 2440 1062 2744 1118; x_wconf 84' lang='lat' dir='ltr'>omiserim</span> <span class='ocrx_word' id='word_1_79' title='bbox 2763 1081 2872 1119; x_wconf 82' lang='lat' dir='ltr'>no·-</span> 
     </span>
     <span class='ocr_line' id='line_1_9' title="bbox 704 1147 2873 1230; baseline -0.004 -18"><span class='ocrx_word' id='word_1_80' title='bbox 704 1156 826 1212; x_wconf 87' lang='lat' dir='ltr'>bile</span> <span class='ocrx_word' id='word_1_81' title='bbox 869 1154 1095 1210; x_wconf 81' lang='lat' dir='ltr'>factum</span> <span class='ocrx_word' id='word_1_82' title='bbox 1133 1149 1395 1230; x_wconf 86' lang='lat' dir='ltr'>Sophiae</span> <span class='ocrx_word' id='word_1_83' title='bbox 1441 1153 1779 1228; x_wconf 76' lang='lat' dir='ltr'>Augustae,</span> <span class='ocrx_word' id='word_1_84' title='bbox 1824 1166 1978 1227; x_wconf 87' lang='lat' dir='ltr'>quae</span> <span class='ocrx_word' id='word_1_85' title='bbox 2009 1148 2181 1204; x_wconf 81' lang='lat' dir='ltr'>tertio</span> <span class='ocrx_word' id='word_1_86' title='bbox 2207 1147 2419 1203; x_wconf 86' lang='lat' dir='ltr'>Iustini</span> <span class='ocrx_word' id='word_1_87' title='bbox 2443 1164 2636 1218; x_wconf 86' lang='lat' dir='ltr'>anno,</span> <span class='ocrx_word' id='word_1_88' title='bbox 2679 1165 2873 1204; x_wconf 86' lang='lat' dir='ltr'>accer-</span> 
     </span>
     <span class='ocr_line' id='line_1_10' title="bbox 707 1228 2875 1316; baseline -0.004 -20"><span class='ocrx_word' id='word_1_89' title='bbox 707 1241 838 1297; x_wconf 88' lang='lat' dir='ltr'>sitis</span> <span class='ocrx_word' id='word_1_90' title='bbox 868 1240 1251 1316; x_wconf 75' lang='lat' dir='ltr'>pecuniarum</span> <span class='ocrx_word' id='word_1_91' title='bbox 1277 1233 1687 1295; x_wconf 67' lang='lat' dir='ltr'>venditoribus</span> <span class='ocrx_word' id='word_1_92' title='bbox 1719 1243 1778 1291; x_wconf 86' lang='lat' dir='ltr'>et</span> <span class='ocrx_word' id='word_1_93' title='bbox 1802 1234 2077 1303; x_wconf 84' lang='lat' dir='ltr'>notariis,</span> <span class='ocrx_word' id='word_1_94' title='bbox 2119 1228 2339 1288; x_wconf 86' lang='lat' dir='ltr'>deferri</span> <span class='ocrx_word' id='word_1_95' title='bbox 2377 1232 2677 1287; x_wconf 70' lang='grc' dir='ltr'><strong><em>οαιιέὶωιεε</em></strong></span> <span class='ocrx_word' id='word_1_96' title='bbox 2714 1229 2875 1288; x_wconf 59' lang='lat' dir='ltr'>deba·-</span> 
     </span>
     <span class='ocr_line' id='line_1_11' title="bbox 710 1313 2876 1398; baseline -0.003 -17"><span class='ocrx_word' id='word_1_97' title='bbox 710 1334 905 1381; x_wconf 76' lang='lat' dir='ltr'>torum</span> <span class='ocrx_word' id='word_1_98' title='bbox 930 1333 989 1379; x_wconf 77' lang='lat' dir='ltr'>et</span> <span class='ocrx_word' id='word_1_99' title='bbox 1014 1320 1213 1379; x_wconf 73' lang='lat' dir='ltr'>breves</span> <span class='ocrx_word' id='word_1_100' title='bbox 1237 1323 1409 1379; x_wconf 87' lang='lat' dir='ltr'>iussit</span> <span class='ocrx_word' id='word_1_101' title='bbox 1423 1364 1440 1392; x_wconf 91' lang='lat'>‚</span> <span class='ocrx_word' id='word_1_102' title='bbox 1485 1331 1545 1378; x_wconf 92' lang='lat' dir='ltr'>et</span> <span class='ocrx_word' id='word_1_103' title='bbox 1570 1319 1843 1398; x_wconf 83' lang='lat' dir='ltr'>praebuit</span> <span class='ocrx_word' id='word_1_104' title='bbox 1874 1337 1974 1375; x_wconf 91' lang='lat' dir='ltr'>eas</span> <span class='ocrx_word' id='word_1_105' title='bbox 2002 1316 2365 1373; x_wconf 72' lang='lat' dir='ltr'>debitoribus</span> <span class='ocrx_word' id='word_1_106' title='bbox 2395 1325 2451 1372; x_wconf 89' lang='lat' dir='ltr'>et</span> <span class='ocrx_word' id='word_1_107' title='bbox 2477 1313 2742 1373; x_wconf 81' lang='lat' dir='ltr'>reddidit</span> <span class='ocrx_word' id='word_1_108' title='bbox 2767 1316 2876 1375; x_wconf 87' lang='lat' dir='ltr'>do-</span> 
     </span>
     <span class='ocr_line' id='line_1_12' title="bbox 710 1399 2882 1483; baseline -0.004 -17"><span class='ocrx_word' id='word_1_109' title='bbox 710 1410 914 1472; x_wconf 81' lang='lat' dir='ltr'>minis.</span> <span class='ocrx_word' id='word_1_110' title='bbox 999 1407 1170 1464; x_wconf 86' lang='lat' dir='ltr'>Paul.</span> <span class='ocrx_word' id='word_1_111' title='bbox 1194 1408 1441 1464; x_wconf 89' lang='lat' dir='ltr'>Diacon.</span> <span class='ocrx_word' id='word_1_112' title='bbox 1466 1407 1582 1463; x_wconf 87' lang='lat' dir='ltr'>nisi</span> <span class='ocrx_word' id='word_1_113' title='bbox 1607 1405 1777 1477; x_wconf 79' lang='lat' dir='ltr'>forte,</span> <span class='ocrx_word' id='word_1_114' title='bbox 1821 1400 1986 1483; x_wconf 89' lang='lat' dir='ltr'>quod</span> <span class='ocrx_word' id='word_1_115' title='bbox 2012 1399 2274 1458; x_wconf 85' lang='lat' dir='ltr'>historici</span> <span class='ocrx_word' id='word_1_116' title='bbox 2298 1402 2362 1456; x_wconf 89' lang='lat' dir='ltr'>in</span> <span class='ocrx_word' id='word_1_117' title='bbox 2387 1402 2624 1457; x_wconf 87' lang='lat' dir='ltr'>tertium</span> <span class='ocrx_word' id='word_1_118' title='bbox 2653 1419 2882 1458; x_wconf 88' lang='lat' dir='ltr'>annum</span> 
     </span>
     <span class='ocr_line' id='line_1_13' title="bbox 715 1482 2884 1569; baseline -0.003 -18"><span class='ocrx_word' id='word_1_119' title='bbox 715 1494 955 1564; x_wconf 85' lang='lat' dir='ltr'>Instini‚</span> <span class='ocrx_word' id='word_1_120' title='bbox 1000 1489 1097 1548; x_wconf 85' lang='lat' dir='ltr'>hio</span> <span class='ocrx_word' id='word_1_121' title='bbox 1125 1494 1187 1549; x_wconf 88' lang='lat' dir='ltr'>in</span> <span class='ocrx_word' id='word_1_122' title='bbox 1213 1492 1503 1569; x_wconf 87' lang='lat' dir='ltr'>principio</span> <span class='ocrx_word' id='word_1_123' title='bbox 1530 1492 1730 1568; x_wconf 87' lang='lat' dir='ltr'>ponit,</span> <span class='ocrx_word' id='word_1_124' title='bbox 1774 1496 1832 1544; x_wconf 94' lang='lat' dir='ltr'>et</span> <span class='ocrx_word' id='word_1_125' title='bbox 1862 1485 2026 1567; x_wconf 89' lang='lat' dir='ltr'>quod</span> <span class='ocrx_word' id='word_1_126' title='bbox 2054 1487 2147 1543; x_wconf 87' lang='lat' dir='ltr'>illi</span> <span class='ocrx_word' id='word_1_127' title='bbox 2175 1483 2436 1563; x_wconf 83' lang='lat' dir='ltr'>Sophiae</span> <span class='ocrx_word' id='word_1_128' title='bbox 2453 1529 2469 1558; x_wconf 95' lang='lat'>‚</span> <span class='ocrx_word' id='word_1_129' title='bbox 2512 1482 2611 1542; x_wconf 85' lang='lat' dir='ltr'>hic</span> <span class='ocrx_word' id='word_1_130' title='bbox 2632 1487 2750 1564; x_wconf 81' lang='lat' dir='ltr'>ipsi</span> <span class='ocrx_word' id='word_1_131' title='bbox 2775 1489 2884 1544; x_wconf 88' lang='lat' dir='ltr'>Iu-</span> 
     </span>
     <span class='ocr_line' id='line_1_14' title="bbox 718 1571 2635 1656; baseline -0.005 -20"><span class='ocrx_word' id='word_1_132' title='bbox 718 1579 874 1636; x_wconf 88' lang='lat' dir='ltr'>stino</span> <span class='ocrx_word' id='word_1_133' title='bbox 906 1575 1223 1646; x_wconf 75' lang='lat' dir='ltr'>adscribit3</span> <span class='ocrx_word' id='word_1_134' title='bbox 1266 1574 1430 1656; x_wconf 84' lang='lat' dir='ltr'>quod</span> <span class='ocrx_word' id='word_1_135' title='bbox 1455 1595 1577 1633; x_wconf 89' lang='lat' dir='ltr'>non</span> <span class='ocrx_word' id='word_1_136' title='bbox 1605 1585 1696 1632; x_wconf 86' lang='lat' dir='ltr'>est</span> <span class='ocrx_word' id='word_1_137' title='bbox 1719 1575 1959 1630; x_wconf 85' lang='lat' dir='ltr'>omnino</span> <span class='ocrx_word' id='word_1_138' title='bbox 1986 1572 2268 1628; x_wconf 90' lang='lat' dir='ltr'>alienum.</span> <span class='ocrx_word' id='word_1_139' title='bbox 2353 1571 2635 1629; x_wconf 71' lang='lat' dir='ltr'>Dnsrsr.</span> 
     </span>
    </p>

    <p class='ocr_par' dir='ltr' id='par_1_4' title="bbox 719 1656 2893 2652">
     <span class='ocr_line' id='line_1_15' title="bbox 886 1656 2885 1738; baseline -0.006 -13"><span class='ocrx_word' id='word_1_140' title='bbox 886 1665 1029 1725; x_wconf 81' lang='lat'>383.</span> <span class='ocrx_word' id='word_1_141' title='bbox 1115 1660 1588 1738; x_wconf 79' lang='lat' dir='ltr'>elegantissime3</span> <span class='ocrx_word' id='word_1_142' title='bbox 1633 1678 1746 1716; x_wconf 86' lang='lat' dir='ltr'>nec</span> <span class='ocrx_word' id='word_1_143' title='bbox 1784 1659 1983 1716; x_wconf 89' lang='lat' dir='ltr'>locum</span> <span class='ocrx_word' id='word_1_144' title='bbox 2017 1657 2442 1733; x_wconf 78' lang='lat' dir='ltr'>elegantiorem</span> <span class='ocrx_word' id='word_1_145' title='bbox 2486 1658 2552 1712; x_wconf 90' lang='lat' dir='ltr'>in</span> <span class='ocrx_word' id='word_1_146' title='bbox 2599 1664 2725 1713; x_wconf 89' lang='lat' dir='ltr'>toto</span> <span class='ocrx_word' id='word_1_147' title='bbox 2771 1656 2885 1714; x_wconf 81' lang='lat' dir='ltr'>Co-</span> 
     </span>
     <span class='ocr_line' id='line_1_16' title="bbox 723 1738 2887 1824; baseline -0.003 -21"><span class='ocrx_word' id='word_1_148' title='bbox 723 1748 890 1824; x_wconf 90' lang='lat' dir='ltr'>rippo</span> <span class='ocrx_word' id='word_1_149' title='bbox 924 1756 1156 1803; x_wconf 84' lang='lat' dir='ltr'>exstare</span> <span class='ocrx_word' id='word_1_150' title='bbox 1186 1747 1486 1802; x_wconf 78' lang='lat' dir='ltr'>existimo.</span> <span class='ocrx_word' id='word_1_151' title='bbox 1572 1746 1835 1820; x_wconf 88' lang='lat' dir='ltr'>primum</span> <span class='ocrx_word' id='word_1_152' title='bbox 1868 1743 2027 1798; x_wconf 89' lang='lat' dir='ltr'>enim</span> <span class='ocrx_word' id='word_1_153' title='bbox 2065 1759 2247 1820; x_wconf 87' lang='lat' dir='ltr'>quam</span> <span class='ocrx_word' id='word_1_154' title='bbox 2278 1738 2528 1818; x_wconf 84' lang='lat' dir='ltr'>pulchre</span> <span class='ocrx_word' id='word_1_155' title='bbox 2556 1739 2724 1798; x_wconf 74' lang='lat' dir='ltr'>heres</span> <span class='ocrx_word' id='word_1_156' title='bbox 2747 1739 2887 1798; x_wconf 76' lang='lat' dir='ltr'>sub-</span> 
     </span>
     <span class='ocr_line' id='line_1_17' title="bbox 719 1823 2890 1906; baseline -0.002 -19"><span class='ocrx_word' id='word_1_157' title='bbox 719 1832 931 1888; x_wconf 71' lang='lat' dir='ltr'>stitisse</span> <span class='ocrx_word' id='word_1_158' title='bbox 955 1830 1048 1886; x_wconf 89' lang='lat' dir='ltr'>illi</span> <span class='ocrx_word' id='word_1_159' title='bbox 1077 1827 1308 1902; x_wconf 83' lang='lat' dir='ltr'>dicitur,</span> <span class='ocrx_word' id='word_1_160' title='bbox 1343 1829 1440 1884; x_wconf 86' lang='lat' dir='ltr'>cni</span> <span class='ocrx_word' id='word_1_161' title='bbox 1467 1830 1778 1906; x_wconf 80' lang='lat' dir='ltr'>proximus</span> <span class='ocrx_word' id='word_1_162' title='bbox 1809 1835 1935 1885; x_wconf 85' lang='lat' dir='ltr'>erat</span> <span class='ocrx_word' id='word_1_163' title='bbox 1956 1836 2016 1883; x_wconf 89' lang='lat' dir='ltr'>et</span> <span class='ocrx_word' id='word_1_164' title='bbox 2041 1844 2188 1883; x_wconf 82' lang='lat' dir='ltr'>mox</span> <span class='ocrx_word' id='word_1_165' title='bbox 2213 1823 2633 1884; x_wconf 64' lang='lat' dir='ltr'>successurus?</span> <span class='ocrx_word' id='word_1_166' title='bbox 2677 1823 2890 1884; x_wconf 85' lang='lat' dir='ltr'>deinde</span> 
     </span>
     <span class='ocr_line' id='line_1_18' title="bbox 720 1911 2892 1991; baseline -0.002 -20"><span class='ocrx_word' id='word_1_167' title='bbox 720 1917 894 1972; x_wconf 68' lang='lat' dir='ltr'>vivus</span> <span class='ocrx_word' id='word_1_168' title='bbox 920 1913 1083 1969; x_wconf 72' lang='lat' dir='ltr'>heres</span> <span class='ocrx_word' id='word_1_169' title='bbox 1117 1916 1287 1991; x_wconf 83' lang='lat' dir='ltr'>quasi</span> <span class='ocrx_word' id='word_1_170' title='bbox 1317 1914 1641 1989; x_wconf 86' lang='lat' dir='ltr'>genuinus,</span> <span class='ocrx_word' id='word_1_171' title='bbox 1687 1922 1747 1969; x_wconf 91' lang='lat' dir='ltr'>et</span> <span class='ocrx_word' id='word_1_172' title='bbox 1773 1913 1826 1969; x_wconf 91' lang='lat' dir='ltr'>is</span> <span class='ocrx_word' id='word_1_173' title='bbox 1851 1930 2038 1991; x_wconf 89' lang='lat' dir='ltr'>quem</span> <span class='ocrx_word' id='word_1_174' title='bbox 2059 1911 2468 1968; x_wconf 73' lang='lat' dir='ltr'>Iurisconsulti</span> <span class='ocrx_word' id='word_1_175' title='bbox 2501 1913 2688 1968; x_wconf 83' lang='lat' dir='ltr'>nostri</span> <span class='ocrx_word' id='word_1_176' title='bbox 2714 1931 2892 1968; x_wconf 66' lang='lat' dir='ltr'>emam</span> 
     </span>
     <span class='ocr_line' id='line_1_19' title="bbox 720 1994 2892 2080; baseline -0.001 -24"><span class='ocrx_word' id='word_1_177' title='bbox 720 1997 898 2080; x_wconf 80' lang='lat' dir='ltr'>(vide</span> <span class='ocrx_word' id='word_1_178' title='bbox 943 1999 1249 2056; x_wconf 80' lang='lat' dir='ltr'>Cerasium</span> <span class='ocrx_word' id='word_1_179' title='bbox 1285 1997 1616 2054; x_wconf 79' lang='lat' dir='ltr'>Miscellan-</span> <span class='ocrx_word' id='word_1_180' title='bbox 1659 2001 1698 2060; x_wconf 83' lang='lat'><strong>3</strong></span> <span class='ocrx_word' id='word_1_181' title='bbox 1747 1994 1861 2072; x_wconf 90' lang='lat'>16)</span> <span class='ocrx_word' id='word_1_182' title='bbox 1900 2005 2146 2069; x_wconf 78' lang='lat' dir='ltr'>vocant,</span> <span class='ocrx_word' id='word_1_183' title='bbox 2189 1996 2329 2053; x_wconf 89' lang='lat' dir='ltr'>licet</span> <span class='ocrx_word' id='word_1_184' title='bbox 2358 2001 2533 2075; x_wconf 68' lang='lat' dir='ltr'>poeta</span> <span class='ocrx_word' id='word_1_185' title='bbox 2563 1996 2742 2054; x_wconf 82' lang='lat' dir='ltr'>latins</span> <span class='ocrx_word' id='word_1_186' title='bbox 2774 1994 2892 2054; x_wconf 86' lang='lat' dir='ltr'>hoc</span> 
     </span>
     <span class='ocr_line' id='line_1_20' title="bbox 722 2078 2891 2160; baseline -0.001 -18"><span class='ocrx_word' id='word_1_187' title='bbox 722 2084 1000 2143; x_wconf 74' lang='lat' dir='ltr'>sumserit</span> <span class='ocrx_word' id='word_1_188' title='bbox 1027 2085 1090 2140; x_wconf 87' lang='lat' dir='ltr'>in</span> <span class='ocrx_word' id='word_1_189' title='bbox 1120 2079 1234 2140; x_wconf 89' lang='lat' dir='ltr'>hoc</span> <span class='ocrx_word' id='word_1_190' title='bbox 1259 2084 1546 2160; x_wconf 84' lang='lat' dir='ltr'>principe.</span> <span class='ocrx_word' id='word_1_191' title='bbox 1633 2082 1769 2139; x_wconf 85' lang='lat' dir='ltr'>talis</span> <span class='ocrx_word' id='word_1_192' title='bbox 1791 2081 2092 2154; x_wconf 88' lang='lat' dir='ltr'>nimirum,</span> <span class='ocrx_word' id='word_1_193' title='bbox 2138 2083 2242 2160; x_wconf 87' lang='lat' dir='ltr'>qui</span> <span class='ocrx_word' id='word_1_194' title='bbox 2263 2100 2381 2138; x_wconf 91' lang='lat' dir='ltr'>non</span> <span class='ocrx_word' id='word_1_195' title='bbox 2406 2078 2643 2139; x_wconf 85' lang='lat' dir='ltr'>aliunde</span> <span class='ocrx_word' id='word_1_196' title='bbox 2669 2084 2891 2140; x_wconf 79' lang='lat' dir='ltr'>ascitus</span> 
     </span>
     <span class='ocr_line' id='line_1_21' title="bbox 722 2164 2893 2243; baseline -0.001 -16"><span class='ocrx_word' id='word_1_197' title='bbox 722 2166 831 2227; x_wconf 88' lang='lat' dir='ltr'>sed</span> <span class='ocrx_word' id='word_1_198' title='bbox 858 2165 936 2224; x_wconf 86' lang='lat' dir='ltr'>ad</span> <span class='ocrx_word' id='word_1_199' title='bbox 964 2187 1098 2226; x_wconf 90' lang='lat' dir='ltr'>eam</span> <span class='ocrx_word' id='word_1_200' title='bbox 1122 2165 1513 2226; x_wconf 76' lang='lat' dir='ltr'>hereditatem</span> <span class='ocrx_word' id='word_1_201' title='bbox 1542 2177 1714 2224; x_wconf 80' lang='lat' dir='ltr'>natus</span> <span class='ocrx_word' id='word_1_202' title='bbox 1745 2168 1852 2238; x_wconf 82' lang='lat' dir='ltr'>sit,</span> <span class='ocrx_word' id='word_1_203' title='bbox 1897 2176 1964 2223; x_wconf 87' lang='lat' dir='ltr'>ut</span> <span class='ocrx_word' id='word_1_204' title='bbox 1999 2167 2124 2224; x_wconf 78' lang='grc' dir='ltr'>νίνὶ</span> <span class='ocrx_word' id='word_1_205' title='bbox 2156 2164 2415 2243; x_wconf 87' lang='lat' dir='ltr'>lapides,</span> <span class='ocrx_word' id='word_1_206' title='bbox 2457 2168 2598 2223; x_wconf 79' lang='grc' dir='ltr'>νίνα</span> <span class='ocrx_word' id='word_1_207' title='bbox 2631 2164 2793 2224; x_wconf 90' lang='lat' dir='ltr'>unda</span> <span class='ocrx_word' id='word_1_208' title='bbox 2829 2175 2893 2224; x_wconf 89' lang='lat' dir='ltr'>et</span> 
     </span>
     <span class='ocr_line' id='line_1_22' title="bbox 721 2247 2893 2331; baseline -0.001 -19"><span class='ocrx_word' id='word_1_209' title='bbox 721 2253 891 2312; x_wconf 88' lang='lat' dir='ltr'>mille</span> <span class='ocrx_word' id='word_1_210' title='bbox 921 2253 1065 2310; x_wconf 84' lang='lat' dir='ltr'>talia</span> <span class='ocrx_word' id='word_1_211' title='bbox 1092 2271 1127 2309; x_wconf 84' lang='lat' dir='ltr'>a</span> <span class='ocrx_word' id='word_1_212' title='bbox 1156 2254 1350 2330; x_wconf 64' lang='lat' dir='ltr'>poetis</span> <span class='ocrx_word' id='word_1_213' title='bbox 1376 2253 1669 2329; x_wconf 77' lang='lat' dir='ltr'>elegantia</span> <span class='ocrx_word' id='word_1_214' title='bbox 1699 2269 1888 2329; x_wconf 83' lang='lat' dir='ltr'>paene</span> <span class='ocrx_word' id='word_1_215' title='bbox 1916 2269 2038 2308; x_wconf 90' lang='lat' dir='ltr'>non</span> <span class='ocrx_word' id='word_1_216' title='bbox 2065 2249 2291 2309; x_wconf 84' lang='lat' dir='ltr'>effabili</span> <span class='ocrx_word' id='word_1_217' title='bbox 2324 2247 2616 2325; x_wconf 84' lang='lat' dir='ltr'>dicuntur,</span> <span class='ocrx_word' id='word_1_218' title='bbox 2652 2250 2728 2310; x_wconf 88' lang='lat' dir='ltr'>de</span> <span class='ocrx_word' id='word_1_219' title='bbox 2752 2253 2893 2331; x_wconf 86' lang='lat' dir='ltr'>qui-</span> 
     </span>
     <span class='ocr_line' id='line_1_23' title="bbox 722 2334 2893 2413; baseline -0 -17"><span class='ocrx_word' id='word_1_220' title='bbox 722 2339 836 2396; x_wconf 86' lang='lat' dir='ltr'>bus</span> <span class='ocrx_word' id='word_1_221' title='bbox 861 2338 1067 2395; x_wconf 89' lang='lat' dir='ltr'>multis</span> <span class='ocrx_word' id='word_1_222' title='bbox 1094 2336 1359 2396; x_wconf 78' lang='lat' dir='ltr'>secunda</span> <span class='ocrx_word' id='word_1_223' title='bbox 1386 2338 1725 2395; x_wconf 80' lang='lat' dir='ltr'>recensione</span> <span class='ocrx_word' id='word_1_224' title='bbox 1756 2334 2088 2394; x_wconf 87' lang='lat' dir='ltr'>Claudiani.</span> <span class='ocrx_word' id='word_1_225' title='bbox 2175 2336 2357 2413; x_wconf 76' lang='lat' dir='ltr'>vulgo</span> <span class='ocrx_word' id='word_1_226' title='bbox 2387 2338 2588 2395; x_wconf 85' lang='lat' dir='ltr'>minus</span> <span class='ocrx_word' id='word_1_227' title='bbox 2619 2334 2772 2395; x_wconf 85' lang='lat' dir='ltr'>haec</span> <span class='ocrx_word' id='word_1_228' title='bbox 2798 2339 2893 2395; x_wconf 83' lang='lat' dir='ltr'>in-</span> 
     </span>
     <span class='ocr_line' id='line_1_24' title="bbox 725 2419 2891 2499; baseline -0 -18"><span class='ocrx_word' id='word_1_229' title='bbox 725 2423 968 2481; x_wconf 86' lang='lat' dir='ltr'>tellecta</span> <span class='ocrx_word' id='word_1_230' title='bbox 1012 2421 1184 2481; x_wconf 85' lang='lat' dir='ltr'>docet</span> <span class='ocrx_word' id='word_1_231' title='bbox 1227 2419 1524 2480; x_wconf 86' lang='lat' dir='ltr'>distinctio</span> <span class='ocrx_word' id='word_1_232' title='bbox 1571 2430 1861 2499; x_wconf 85' lang='lat' dir='ltr'>corrupta.</span> <span class='ocrx_word' id='word_1_233' title='bbox 1927 2430 2012 2496; x_wconf 18' lang='lat' dir='ltr'>‚at</span> <span class='ocrx_word' id='word_1_234' title='bbox 2053 2422 2275 2480; x_wconf 86' lang='lat' dir='ltr'>mirum</span> <span class='ocrx_word' id='word_1_235' title='bbox 2307 2419 2771 2480; x_wconf 86' lang='lat' dir='ltr'>eruditissimum</span> <span class='ocrx_word' id='word_1_236' title='bbox 2801 2424 2891 2480; x_wconf 77' lang='lat' dir='ltr'>vi-</span> 
     </span>
     <span class='ocr_line' id='line_1_25' title="bbox 726 2503 2891 2587; baseline 0 -21"><span class='ocrx_word' id='word_1_237' title='bbox 726 2527 862 2566; x_wconf 88' lang='lat' dir='ltr'>rum</span> <span class='ocrx_word' id='word_1_238' title='bbox 906 2504 1212 2566; x_wconf 85' lang='lat' dir='ltr'>Thomam</span> <span class='ocrx_word' id='word_1_239' title='bbox 1252 2509 1671 2587; x_wconf 85' lang='lat' dir='ltr'>Dempsterum</span> <span class='ocrx_word' id='word_1_240' title='bbox 1710 2516 1837 2565; x_wconf 83' lang='lat' dir='ltr'>tam</span> <span class='ocrx_word' id='word_1_241' title='bbox 1871 2504 2060 2564; x_wconf 88' lang='lat' dir='ltr'>nobili</span> <span class='ocrx_word' id='word_1_242' title='bbox 2092 2505 2224 2565; x_wconf 86' lang='lat' dir='ltr'>loco</span> <span class='ocrx_word' id='word_1_243' title='bbox 2253 2503 2407 2564; x_wconf 86' lang='lat' dir='ltr'>nihil</span> <span class='ocrx_word' id='word_1_244' title='bbox 2435 2506 2616 2585; x_wconf 82' lang='lat' dir='ltr'>plane</span> <span class='ocrx_word' id='word_1_245' title='bbox 2637 2518 2891 2567; x_wconf 55' lang='lat' dir='ltr'>notame-</span> 
     </span>
     <span class='ocr_line' id='line_1_26' title="bbox 723 2595 974 2652; baseline -0.008 0"><span class='ocrx_word' id='word_1_246' title='bbox 723 2595 974 2652; x_wconf 72' lang='grc' dir='ltr'><strong>ΒΑΜ-ιι.</strong></span> 
     </span>
    </p>
   </div>
   <div class='ocr_carea' id='block_1_3' title="bbox 730 2676 2922 4456">
    <p class='ocr_par' dir='ltr' id='par_1_5' title="bbox 730 2676 2922 4456">
     <span class='ocr_line' id='line_1_27' title="bbox 898 2676 2893 2759; baseline 0.002 -25"><span class='ocrx_word' id='word_1_247' title='bbox 898 2676 980 2736; x_wconf 58' lang='lat' dir='ltr'>nb.</span> <span class='ocrx_word' id='word_1_248' title='bbox 1073 2680 1329 2737; x_wconf 81' lang='lat' dir='ltr'>celebrat</span> <span class='ocrx_word' id='word_1_249' title='bbox 1364 2681 1590 2738; x_wconf 86' lang='lat' dir='ltr'>·Iustini</span> <span class='ocrx_word' id='word_1_250' title='bbox 1630 2676 2164 2739; x_wconf 77' lang='lat' dir='ltr'>laudabilissimam</span> <span class='ocrx_word' id='word_1_251' title='bbox 2209 2679 2439 2738; x_wconf 77' lang='lat' dir='ltr'>facinus</span> <span class='ocrx_word' id='word_1_252' title='bbox 2458 2722 2476 2751; x_wconf 86' lang='lat'>‚</span> <span class='ocrx_word' id='word_1_253' title='bbox 2530 2676 2893 2759; x_wconf 72' lang='lat' dir='ltr'>syngraphas</span> 
     </span>
     <span class='ocr_line' id='line_1_28' title="bbox 730 2762 2895 2844; baseline 0.001 -24"><span class='ocrx_word' id='word_1_254' title='bbox 730 2764 1014 2822; x_wconf 81' lang='lat' dir='ltr'>collectas</span> <span class='ocrx_word' id='word_1_255' title='bbox 1053 2765 1378 2823; x_wconf 73' lang='lat' dir='ltr'>abolevisse</span> <span class='ocrx_word' id='word_1_256' title='bbox 1412 2765 1754 2844; x_wconf 86' lang='lat' dir='ltr'>populoque</span> <span class='ocrx_word' id='word_1_257' title='bbox 1784 2763 1982 2822; x_wconf 86' lang='lat' dir='ltr'>debita</span> <span class='ocrx_word' id='word_1_258' title='bbox 2010 2766 2327 2824; x_wconf 73' lang='lat' dir='ltr'>remisisse.</span> <span class='ocrx_word' id='word_1_259' title='bbox 2410 2762 2476 2822; x_wconf 87' lang='lat' dir='ltr'>id</span> <span class='ocrx_word' id='word_1_260' title='bbox 2498 2785 2640 2824; x_wconf 80' lang='lat' dir='ltr'>vero</span> <span class='ocrx_word' id='word_1_261' title='bbox 2664 2765 2895 2824; x_wconf 81' lang='lat' dir='ltr'>mulieri</span> 
     </span>
     <span class='ocr_line' id='line_1_29' title="bbox 734 2846 2895 2928; baseline 0.002 -23"><span class='ocrx_word' id='word_1_262' title='bbox 734 2846 974 2908; x_wconf 77' lang='lat' dir='ltr'>divinae</span> <span class='ocrx_word' id='word_1_263' title='bbox 1003 2851 1191 2927; x_wconf 86' lang='lat' dir='ltr'>ipsius</span> <span class='ocrx_word' id='word_1_264' title='bbox 1220 2852 1459 2928; x_wconf 83' lang='lat' dir='ltr'>coniugi</span> <span class='ocrx_word' id='word_1_265' title='bbox 1480 2850 1685 2908; x_wconf 87' lang='lat' dir='ltr'>tribuit</span> <span class='ocrx_word' id='word_1_266' title='bbox 1707 2852 1967 2908; x_wconf 84' lang='lat' dir='ltr'>Zonaras</span> <span class='ocrx_word' id='word_1_267' title='bbox 1989 2850 2206 2907; x_wconf 71' lang='lat' dir='ltr'>Annal-</span> <span class='ocrx_word' id='word_1_268' title='bbox 2233 2853 2296 2913; x_wconf 81' lang='grc'>8.</span> <span class='ocrx_word' id='word_1_269' title='bbox 2361 2859 2420 2907; x_wconf 92' lang='lat' dir='ltr'>et</span> <span class='ocrx_word' id='word_1_270' title='bbox 2439 2852 2716 2909; x_wconf 86' lang='lat' dir='ltr'>meminit</span> <span class='ocrx_word' id='word_1_271' title='bbox 2742 2851 2895 2909; x_wconf 80' lang='lat' dir='ltr'>Gon-</span> 
     </span>
     <span class='ocr_line' id='line_1_30' title="bbox 730 2933 2895 3014; baseline 0.002 -25"><span class='ocrx_word' id='word_1_272' title='bbox 730 2934 1025 2989; x_wconf 86' lang='lat' dir='ltr'>stantinus</span> <span class='ocrx_word' id='word_1_273' title='bbox 1056 2950 1290 3011; x_wconf 89' lang='lat' dir='ltr'>quoque</span> <span class='ocrx_word' id='word_1_274' title='bbox 1316 2937 1639 3007; x_wconf 84' lang='lat' dir='ltr'>Manasses,</span> <span class='ocrx_word' id='word_1_275' title='bbox 1667 2935 2005 3010; x_wconf 18' lang='lat' dir='ltr'>necnomisit</span> <span class='ocrx_word' id='word_1_276' title='bbox 2029 2953 2358 2992; x_wconf 88' lang='lat' dir='ltr'>memorare</span> <span class='ocrx_word' id='word_1_277' title='bbox 2377 2933 2637 2995; x_wconf 64' lang='lat' dir='ltr'>Michael</span> <span class='ocrx_word' id='word_1_278' title='bbox 2663 2937 2895 3014; x_wconf 82' lang='lat' dir='ltr'>Glycas.</span> 
     </span>
     <span class='ocr_line' id='line_1_31' title="bbox 735 3014 2896 3096; baseline 0.003 -23"><span class='ocrx_word' id='word_1_279' title='bbox 735 3014 901 3096; x_wconf 85' lang='lat' dir='ltr'>quod</span> <span class='ocrx_word' id='word_1_280' title='bbox 928 3034 1049 3073; x_wconf 88' lang='lat' dir='ltr'>non</span> <span class='ocrx_word' id='word_1_281' title='bbox 1075 3014 1328 3074; x_wconf 87' lang='lat' dir='ltr'>debebat</span> <span class='ocrx_word' id='word_1_282' title='bbox 1357 3020 1628 3075; x_wconf 85' lang='lat' dir='ltr'>omittere</span> <span class='ocrx_word' id='word_1_283' title='bbox 1659 3020 2150 3075; x_wconf 86' lang='lat' dir='ltr'>commentarium</span> <span class='ocrx_word' id='word_1_284' title='bbox 2176 3019 2437 3078; x_wconf 91' lang='lat' dir='ltr'>scribens</span> <span class='ocrx_word' id='word_1_285' title='bbox 2471 3018 2896 3079; x_wconf 82' lang='lat' dir='ltr'>eruditissimus</span> 
     </span>
     <span class='ocr_line' id='line_1_32' title="bbox 734 3098 2899 3183; baseline 0.002 -25"><span class='ocrx_word' id='word_1_286' title='bbox 734 3102 1142 3180; x_wconf 82' lang='lat' dir='ltr'>Dempsterus.</span> <span class='ocrx_word' id='word_1_287' title='bbox 1228 3098 1393 3157; x_wconf 88' lang='lat' dir='ltr'>aliud</span> <span class='ocrx_word' id='word_1_288' title='bbox 1420 3101 1614 3157; x_wconf 84' lang='lat' dir='ltr'>simile</span> <span class='ocrx_word' id='word_1_289' title='bbox 1641 3102 1986 3180; x_wconf 84' lang='lat' dir='ltr'>exemplum</span> <span class='ocrx_word' id='word_1_290' title='bbox 2012 3099 2199 3161; x_wconf 88' lang='lat' dir='ltr'>habes</span> <span class='ocrx_word' id='word_1_291' title='bbox 2226 3102 2384 3183; x_wconf 86' lang='lat' dir='ltr'>apud</span> <span class='ocrx_word' id='word_1_292' title='bbox 2411 3125 2505 3163; x_wconf 90' lang='lat' dir='ltr'>res</span> <span class='ocrx_word' id='word_1_293' title='bbox 2531 3116 2725 3183; x_wconf 69' lang='lat' dir='ltr'>gestas</span> <span class='ocrx_word' id='word_1_294' title='bbox 2747 3107 2899 3163; x_wconf 82' lang='lat' dir='ltr'>Gre-</span> 
     </span>
     <span class='ocr_line' id='line_1_33' title="bbox 739 3183 2903 3268; baseline 0.003 -27"><span class='ocrx_word' id='word_1_295' title='bbox 739 3188 931 3262; x_wconf 87' lang='lat' dir='ltr'>gentii</span> <span class='ocrx_word' id='word_1_296' title='bbox 966 3205 1001 3243; x_wconf 92' lang='lat' dir='ltr'>a</span> <span class='ocrx_word' id='word_1_297' title='bbox 1036 3183 1306 3243; x_wconf 86' lang='lat' dir='ltr'>Palladio</span> <span class='ocrx_word' id='word_1_298' title='bbox 1343 3184 1750 3243; x_wconf 81' lang='lat' dir='ltr'>Alexandrino</span> <span class='ocrx_word' id='word_1_299' title='bbox 1794 3184 2144 3267; x_wconf 87' lang='lat' dir='ltr'>descriptas,</span> <span class='ocrx_word' id='word_1_300' title='bbox 2191 3187 2265 3246; x_wconf 90' lang='lat' dir='ltr'>de</span> <span class='ocrx_word' id='word_1_301' title='bbox 2308 3208 2450 3268; x_wconf 84' lang='lat' dir='ltr'>rege</span> <span class='ocrx_word' id='word_1_302' title='bbox 2494 3210 2776 3250; x_wconf 77' lang='lat' dir='ltr'>converso</span> <span class='ocrx_word' id='word_1_303' title='bbox 2824 3186 2903 3247; x_wconf 82' lang='lat' dir='ltr'>ad</span> 
     </span>
     <span class='ocr_line' id='line_1_34' title="bbox 738 3266 2906 3375; baseline 0.005 -48"><span class='ocrx_word' id='word_1_304' title='bbox 738 3267 1077 3375; x_wconf 70' lang='lat' dir='ltr'>Christum:</span> <span class='ocrx_word' id='word_1_305' title='bbox 1111 3268 1219 3373; x_wconf 57' lang='lat'>3012</span> <span class='ocrx_word' id='word_1_306' title='bbox 1254 3266 1367 3374; x_wconf 59' lang='grc' dir='ltr'>ττίν</span> <span class='ocrx_word' id='word_1_307' title='bbox 1390 3273 1590 3332; x_wconf 76' lang='grc' dir='ltr'><strong><em>πᾶσαν</em></strong></span> <span class='ocrx_word' id='word_1_308' title='bbox 1620 3267 1833 3333; x_wconf 73' lang='grc' dir='ltr'><strong><em>ἄδικον</em></strong></span> <span class='ocrx_word' id='word_1_309' title='bbox 1860 3268 2212 3355; x_wconf 72' lang='grc' dir='ltr'><strong><em>συγγραφήν</em></strong></span> <span class='ocrx_word' id='word_1_310' title='bbox 2232 3277 2553 3338; x_wconf 58' lang='lat' dir='ltr'>’actamnis</span> <span class='ocrx_word' id='word_1_311' title='bbox 2578 3272 2681 3337; x_wconf 72' lang='lat' dir='ltr'>mi</span> <span class='ocrx_word' id='word_1_312' title='bbox 2704 3278 2906 3338; x_wconf 76' lang='grc' dir='ltr'><strong><em>πᾶσαν</em></strong></span> 
     </span>
     <span class='ocr_line' id='line_1_35' title="bbox 736 3358 2905 3523; baseline -0.001 -21"><span class='ocrx_word' id='word_1_313' title='bbox 736 3358 1972 3520; x_wconf 45' lang='grc' dir='ltr'>πθνηὲἒέἶρηῧῖἴὺῗᾜζέἆαήξΔξέοἶη</span> <span class='ocrx_word' id='word_1_314' title='bbox 2009 3442 2191 3501; x_wconf 86' lang='lat' dir='ltr'>libros</span> <span class='ocrx_word' id='word_1_315' title='bbox 2215 3443 2279 3501; x_wconf 88' lang='lat' dir='ltr'>in</span> <span class='ocrx_word' id='word_1_316' title='bbox 2306 3443 2519 3523; x_wconf 86' lang='lat' dir='ltr'>quibus</span> <span class='ocrx_word' id='word_1_317' title='bbox 2541 3444 2772 3521; x_wconf 74' lang='lat' dir='ltr'>accepu‘</span> <span class='ocrx_word' id='word_1_318' title='bbox 2792 3461 2905 3500; x_wconf 85' lang='lat' dir='ltr'>ex-</span> 
     </span>
     <span class='ocr_line' id='line_1_36' title="bbox 734 3524 2906 3604; baseline 0.001 -23"><span class='ocrx_word' id='word_1_319' title='bbox 734 3525 1027 3604; x_wconf 87' lang='lat' dir='ltr'>pensique</span> <span class='ocrx_word' id='word_1_320' title='bbox 1070 3526 1401 3584; x_wconf 88' lang='lat' dir='ltr'>continetur</span> <span class='ocrx_word' id='word_1_321' title='bbox 1440 3529 1611 3585; x_wconf 89' lang='lat' dir='ltr'>ratio.</span> <span class='ocrx_word' id='word_1_322' title='bbox 1696 3526 1840 3585; x_wconf 90' lang='lat' dir='ltr'>Sen.</span> <span class='ocrx_word' id='word_1_323' title='bbox 1884 3524 1958 3583; x_wconf 89' lang='lat' dir='ltr'>de</span> <span class='ocrx_word' id='word_1_324' title='bbox 1996 3527 2194 3585; x_wconf 84' lang='lat' dir='ltr'>benef.</span> <span class='ocrx_word' id='word_1_325' title='bbox 2229 3529 2265 3590; x_wconf 91' lang='lat'>1</span> <span class='ocrx_word' id='word_1_326' title='bbox 2307 3534 2383 3592; x_wconf 78' lang='lat'>2:</span> <span class='ocrx_word' id='word_1_327' title='bbox 2424 3548 2591 3586; x_wconf 80' lang='lat' dir='ltr'>nemo</span> <span class='ocrx_word' id='word_1_328' title='bbox 2626 3527 2906 3601; x_wconf 63' lang='lat' dir='ltr'>beneficia</span> 
     </span>
     <span class='ocr_line' id='line_1_37' title="bbox 744 3608 2906 3681; baseline 0.001 -16"><span class='ocrx_word' id='word_1_329' title='bbox 744 3610 811 3666; x_wconf 77' lang='lat' dir='ltr'>in</span> <span class='ocrx_word' id='word_1_330' title='bbox 852 3608 1191 3667; x_wconf 71' lang='lat' dir='ltr'>calendar-th</span> <span class='ocrx_word' id='word_1_331' title='bbox 1240 3610 1467 3681; x_wconf 74' lang='lat' dir='ltr'>scribit,</span> <span class='ocrx_word' id='word_1_332' title='bbox 1508 3632 1618 3669; x_wconf 85' lang='lat' dir='ltr'>nee</span> <span class='ocrx_word' id='word_1_333' title='bbox 1641 3632 1864 3669; x_wconf 74' lang='grc' dir='ltr'>ανανιιε</span> <span class='ocrx_word' id='word_1_334' title='bbox 1891 3622 2122 3669; x_wconf 78' lang='lat' dir='ltr'>exactor</span> <span class='ocrx_word' id='word_1_335' title='bbox 2153 3611 2243 3670; x_wconf 79' lang='lat' dir='ltr'>ad</span> <span class='ocrx_word' id='word_1_336' title='bbox 2260 3611 2470 3670; x_wconf 80' lang='lat' dir='ltr'>horam</span> <span class='ocrx_word' id='word_1_337' title='bbox 2488 3624 2546 3669; x_wconf 74' lang='lat' dir='ltr'>et</span> <span class='ocrx_word' id='word_1_338' title='bbox 2566 3612 2721 3670; x_wconf 78' lang='lat' dir='ltr'>diem</span> <span class='ocrx_word' id='word_1_339' title='bbox 2739 3608 2906 3669; x_wconf 64' lang='lat' dir='ltr'>deba·-</span> 
     </span>
     <span class='ocr_line' id='line_1_38' title="bbox 743 3692 2908 3775; baseline 0.001 -26"><span class='ocrx_word' id='word_1_340' title='bbox 743 3703 927 3752; x_wconf 71' lang='lat' dir='ltr'>torem</span> <span class='ocrx_word' id='word_1_341' title='bbox 960 3694 1250 3771; x_wconf 77' lang='lat' dir='ltr'>appellat.</span> <span class='ocrx_word' id='word_1_342' title='bbox 1337 3697 1443 3754; x_wconf 89' lang='lat' dir='ltr'>lib.</span> <span class='ocrx_word' id='word_1_343' title='bbox 1484 3700 1525 3761; x_wconf 88' lang='grc'><strong>7</strong></span> <span class='ocrx_word' id='word_1_344' title='bbox 1571 3697 1686 3758; x_wconf 88' lang='lat'>10:</span> <span class='ocrx_word' id='word_1_345' title='bbox 1731 3696 1883 3775; x_wconf 75' lang='lat' dir='ltr'>quid</span> <span class='ocrx_word' id='word_1_346' title='bbox 1900 3696 2092 3774; x_wconf 72' lang='lat' dir='ltr'>senus</span> <span class='ocrx_word' id='word_1_347' title='bbox 2117 3708 2176 3753; x_wconf 80' lang='lat' dir='ltr'>et</span> <span class='ocrx_word' id='word_1_348' title='bbox 2195 3692 2606 3756; x_wconf 77' lang='lat' dir='ltr'>calendarium</span> <span class='ocrx_word' id='word_1_349' title='bbox 2639 3708 2694 3753; x_wconf 80' lang='lat' dir='ltr'>et</span> <span class='ocrx_word' id='word_1_350' title='bbox 2720 3715 2908 3753; x_wconf 72' lang='grc' dir='ltr'>ιιειινα</span> 
     </span>
     <span class='ocr_line' id='line_1_39' title="bbox 745 3777 2910 3860; baseline 0.001 -26"><span class='ocrx_word' id='word_1_351' title='bbox 745 3779 865 3834; x_wconf 70' lang='lat' dir='ltr'>nisi</span> <span class='ocrx_word' id='word_1_352' title='bbox 885 3777 1187 3836; x_wconf 77' lang='lat' dir='ltr'>humanae</span> <span class='ocrx_word' id='word_1_353' title='bbox 1213 3780 1556 3858; x_wconf 71' lang='lat' dir='ltr'>cupiditatis</span> <span class='ocrx_word' id='word_1_354' title='bbox 1578 3791 1740 3837; x_wconf 74' lang='lat' dir='ltr'>extra</span> <span class='ocrx_word' id='word_1_355' title='bbox 1766 3790 2047 3838; x_wconf 68' lang='lat' dir='ltr'>nauatam</span> <span class='ocrx_word' id='word_1_356' title='bbox 2074 3784 2341 3860; x_wconf 72' lang='lat' dir='ltr'>quaesita</span> <span class='ocrx_word' id='word_1_357' title='bbox 2365 3781 2650 3841; x_wconf 78' lang='lat' dir='ltr'>nomina?</span> <span class='ocrx_word' id='word_1_358' title='bbox 2731 3782 2910 3860; x_wconf 64' lang='lat' dir='ltr'>epist.</span> 
     </span>
     <span class='ocr_line' id='line_1_40' title="bbox 744 3862 2908 3946; baseline 0.001 -28"><span class='ocrx_word' id='word_1_359' title='bbox 744 3864 859 3926; x_wconf 80' lang='lat'>88:</span> <span class='ocrx_word' id='word_1_360' title='bbox 904 3866 1049 3940; x_wconf 72' lang='lat' dir='ltr'>quia</span> <span class='ocrx_word' id='word_1_361' title='bbox 1074 3884 1332 3944; x_wconf 72' lang='lat' dir='ltr'>magnus</span> <span class='ocrx_word' id='word_1_362' title='bbox 1361 3864 1510 3922; x_wconf 77' lang='lat' dir='ltr'>liber</span> <span class='ocrx_word' id='word_1_363' title='bbox 1538 3865 1871 3923; x_wconf 76' lang='lat' dir='ltr'>calendarii</span> <span class='ocrx_word' id='word_1_364' title='bbox 1890 3866 2197 3925; x_wconf 72' lang='lat' dir='ltr'>evolvitur.</span> <span class='ocrx_word' id='word_1_365' title='bbox 2289 3869 2394 3946; x_wconf 85' lang='lat' dir='ltr'>qui</span> <span class='ocrx_word' id='word_1_366' title='bbox 2422 3868 2592 3927; x_wconf 87' lang='lat' dir='ltr'>locus</span> <span class='ocrx_word' id='word_1_367' title='bbox 2614 3865 2763 3925; x_wconf 85' lang='lat' dir='ltr'>mire</span> <span class='ocrx_word' id='word_1_368' title='bbox 2791 3862 2908 3922; x_wconf 87' lang='lat' dir='ltr'>huc</span> 
     </span>
     <span class='ocr_line' id='line_1_41' title="bbox 744 3946 2907 4022; baseline -0 -17"><span class='ocrx_word' id='word_1_369' title='bbox 744 3950 1055 4005; x_wconf 76' lang='lat' dir='ltr'>convenit:</span> <span class='ocrx_word' id='word_1_370' title='bbox 1099 3950 1233 4008; x_wconf 89' lang='lat' dir='ltr'>aliis</span> <span class='ocrx_word' id='word_1_371' title='bbox 1258 3959 1546 4022; x_wconf 88' lang='lat' dir='ltr'>notatum,</span> <span class='ocrx_word' id='word_1_372' title='bbox 1590 3948 1699 4008; x_wconf 88' lang='lat' dir='ltr'>sed</span> <span class='ocrx_word' id='word_1_373' title='bbox 1727 3969 1849 4007; x_wconf 89' lang='lat' dir='ltr'>non</span> <span class='ocrx_word' id='word_1_374' title='bbox 1877 3949 2014 4009; x_wconf 92' lang='lat' dir='ltr'>ideo</span> <span class='ocrx_word' id='word_1_375' title='bbox 2041 3950 2358 4010; x_wconf 87' lang='lat' dir='ltr'>silendum.</span> <span class='ocrx_word' id='word_1_376' title='bbox 2443 3952 2801 4010; x_wconf 86' lang='lat' dir='ltr'>Tertullian.</span> <span class='ocrx_word' id='word_1_377' title='bbox 2831 3946 2907 4004; x_wconf 91' lang='lat' dir='ltr'>de</span> 
     </span>
     <span class='ocr_line' id='line_1_42' title="bbox 744 4029 2911 4112; baseline 0.001 -25"><span class='ocrx_word' id='word_1_378' title='bbox 744 4029 956 4089; x_wconf 86' lang='lat' dir='ltr'>habitu</span> <span class='ocrx_word' id='word_1_379' title='bbox 995 4035 1275 4092; x_wconf 85' lang='lat' dir='ltr'>muliebri</span> <span class='ocrx_word' id='word_1_380' title='bbox 1314 4038 1381 4092; x_wconf 89' lang='lat' dir='ltr'>in</span> <span class='ocrx_word' id='word_1_381' title='bbox 1426 4034 1577 4092; x_wconf 80' lang='lat' dir='ltr'>fine:</span> <span class='ocrx_word' id='word_1_382' title='bbox 1615 4034 1878 4112; x_wconf 74' lang='lat' dir='ltr'>graciles</span> <span class='ocrx_word' id='word_1_383' title='bbox 1914 4038 2155 4094; x_wconf 69' lang='lat' dir='ltr'>aza-ima</span> <span class='ocrx_word' id='word_1_384' title='bbox 2189 4047 2350 4094; x_wconf 69' lang='lat' dir='ltr'>cutes</span> <span class='ocrx_word' id='word_1_385' title='bbox 2373 4036 2786 4094; x_wconf 58' lang='lat' dir='ltr'>calendarium</span> <span class='ocrx_word' id='word_1_386' title='bbox 2811 4053 2911 4090; x_wconf 57' lang='lat' dir='ltr'>ex*-</span> 
     </span>
     <span class='ocr_line' id='line_1_43' title="bbox 737 4116 2914 4198; baseline 0 -24"><span class='ocrx_word' id='word_1_387' title='bbox 737 4116 1031 4193; x_wconf 78' lang='lat' dir='ltr'>pendunt.</span> <span class='ocrx_word' id='word_1_388' title='bbox 1120 4119 1407 4178; x_wconf 78' lang='lat' dir='ltr'>Scaevola</span> <span class='ocrx_word' id='word_1_389' title='bbox 1437 4121 1531 4178; x_wconf 77' lang='lat'>10-</span> <span class='ocrx_word' id='word_1_390' title='bbox 1544 4119 1651 4177; x_wconf 84' lang='lat' dir='ltr'>lib.</span> <span class='ocrx_word' id='word_1_391' title='bbox 1676 4122 1716 4183; x_wconf 84' lang='lat'><strong>6</strong></span> <span class='ocrx_word' id='word_1_392' title='bbox 1752 4117 2116 4198; x_wconf 88' lang='lat' dir='ltr'>digestorum</span> <span class='ocrx_word' id='word_1_393' title='bbox 2131 4139 2151 4180; x_wconf 74' lang='grc' dir='ltr'><strong><em>ε</em></strong></span> <span class='ocrx_word' id='word_1_394' title='bbox 2194 4124 2587 4179; x_wconf 68' lang='lat' dir='ltr'>instrumenta</span> <span class='ocrx_word' id='word_1_395' title='bbox 2628 4117 2914 4177; x_wconf 73' lang='lat' dir='ltr'>calenda—</span> 
     </span>
     <span class='ocr_line' id='line_1_44' title="bbox 746 4202 2914 4284; baseline 0 -26"><span class='ocrx_word' id='word_1_396' title='bbox 746 4203 826 4258; x_wconf 69' lang='grc' dir='ltr'>νᾶ</span> <span class='ocrx_word' id='word_1_397' title='bbox 850 4212 908 4259; x_wconf 77' lang='lat' dir='ltr'>et</span> <span class='ocrx_word' id='word_1_398' title='bbox 935 4221 1206 4260; x_wconf 79' lang='lat' dir='ltr'>nummos</span> <span class='ocrx_word' id='word_1_399' title='bbox 1231 4204 1490 4282; x_wconf 76' lang='lat' dir='ltr'>reliquit.</span> <span class='ocrx_word' id='word_1_400' title='bbox 1579 4204 1730 4262; x_wconf 87' lang='lat' dir='ltr'>ratio</span> <span class='ocrx_word' id='word_1_401' title='bbox 1746 4247 1763 4278; x_wconf 92' lang='lat'><strong>,</strong></span> <span class='ocrx_word' id='word_1_402' title='bbox 1807 4203 1968 4284; x_wconf 89' lang='lat' dir='ltr'>quod</span> <span class='ocrx_word' id='word_1_403' title='bbox 2009 4203 2273 4264; x_wconf 84' lang='lat' dir='ltr'>calendis</span> <span class='ocrx_word' id='word_1_404' title='bbox 2300 4207 2665 4265; x_wconf 82' lang='lat' dir='ltr'>feneratores</span> <span class='ocrx_word' id='word_1_405' title='bbox 2700 4214 2761 4263; x_wconf 86' lang='lat' dir='ltr'>et</span> <span class='ocrx_word' id='word_1_406' title='bbox 2788 4202 2914 4261; x_wconf 86' lang='lat' dir='ltr'>col-</span> 
     </span>
     <span class='ocr_line' id='line_1_45' title="bbox 746 4287 2919 4370; baseline 0.001 -28"><span class='ocrx_word' id='word_1_407' title='bbox 746 4287 999 4365; x_wconf 83' lang='lat' dir='ltr'>lybistae</span> <span class='ocrx_word' id='word_1_408' title='bbox 1023 4289 1331 4364; x_wconf 83' lang='lat' dir='ltr'>exigerent</span> <span class='ocrx_word' id='word_1_409' title='bbox 1350 4289 1556 4347; x_wconf 79' lang='lat' dir='ltr'>fenora</span> <span class='ocrx_word' id='word_1_410' title='bbox 1572 4330 1599 4363; x_wconf 84' lang='lat'>,-</span> <span class='ocrx_word' id='word_1_411' title='bbox 1632 4299 2037 4370; x_wconf 76' lang='lat' dir='ltr'>ponerentque</span> <span class='ocrx_word' id='word_1_412' title='bbox 2064 4294 2368 4370; x_wconf 85' lang='lat' dir='ltr'>pecunias.</span> <span class='ocrx_word' id='word_1_413' title='bbox 2442 4288 2695 4349; x_wconf 81' lang='lat' dir='ltr'>Ovidius</span> <span class='ocrx_word' id='word_1_414' title='bbox 2721 4287 2795 4347; x_wconf 83' lang='lat' dir='ltr'>de</span> <span class='ocrx_word' id='word_1_415' title='bbox 2817 4294 2919 4345; x_wconf 72' lang='grc' dir='ltr'>η’-</span> 
     </span>
     <span class='ocr_line' id='line_1_46' title="bbox 746 4369 2922 4456; baseline 0.001 -29"><span class='ocrx_word' id='word_1_416' title='bbox 746 4369 907 4430; x_wconf 84' lang='lat' dir='ltr'>med.</span> <span class='ocrx_word' id='word_1_417' title='bbox 933 4373 1138 4430; x_wconf 82' lang='lat' dir='ltr'>Amor.</span> <span class='ocrx_word' id='word_1_418' title='bbox 1163 4375 1239 4448; x_wconf 82' lang='lat'>2,</span> <span class='ocrx_word' id='word_1_419' title='bbox 1282 4374 1538 4433; x_wconf 79' lang='lat' dir='ltr'>Martial.</span> <span class='ocrx_word' id='word_1_420' title='bbox 1555 4417 1573 4450; x_wconf 91' lang='lat'>,</span> <span class='ocrx_word' id='word_1_421' title='bbox 1620 4383 1680 4432; x_wconf 90' lang='lat' dir='ltr'>et</span> <span class='ocrx_word' id='word_1_422' title='bbox 1716 4376 1943 4433; x_wconf 84' lang='lat' dir='ltr'>Horatii</span> <span class='ocrx_word' id='word_1_423' title='bbox 1980 4375 2329 4456; x_wconf 85' lang='lat' dir='ltr'>interpretes</span> <span class='ocrx_word' id='word_1_424' title='bbox 2368 4374 2448 4432; x_wconf 91' lang='lat' dir='ltr'>ad</span> <span class='ocrx_word' id='word_1_425' title='bbox 2486 4371 2683 4454; x_wconf 81' lang='lat' dir='ltr'>Epod.</span> <span class='ocrx_word' id='word_1_426' title='bbox 2711 4377 2778 4439; x_wconf 77' lang='lat'>2.</span> <span class='ocrx_word' id='word_1_427' title='bbox 2858 4379 2922 4429; x_wconf 80' lang='lat' dir='ltr'>at</span> 
     </span>
    </p>
   </div>
  </div>
 </body>
</html>
