3210 5200
611 370 710 438 50
1544 349 1880 423 coRll’Pl

782 528 1041 594 ductoris
1075 516 1279 604 iussu,⁴
1318 520 1557 605 sapiens
1590 530 1653 581 et
1684 516 1999 580 Amantius
2029 523 2174 594 una‚'

620 643 738 705 190
777 636 1027 697 hostiles
1050 643 1281 692 tentare
1304 630 1498 702 locos,
1543 625 1885 705 perquirere
1910 621 2101 678 valles

781 748 841 797 et
866 738 1040 796 solito
1067 734 1313 814 planare
1338 731 1488 789 vias.
1572 726 1695 787 huc
1725 743 1945 804 aggere
1973 722 2135 780 celso

773 841 1081 898 Romanae
1111 837 1326 894 sistunt
1351 833 1510 890 acies
1530 874 1546 905 ,
1588 823 1914 907 gentesque
1944 817 2239 880 nefandas

782 947 1131 1020 exspectant
1161 936 1371 995 oculis.
1453 949 1678 1009 magno
1711 948 1866 1009 quae
1890 926 2048 983 ferre
2071 923 2360 1000 magistro

778 1052 981 1101 mente
1016 1048 1232 1118 gerunt
1262 1035 1479 1096 dubia:
1521 1040 1827 1112 nequeunt
1853 1028 2105 1088 tolerare
2127 1023 2419 1083 tmnultus

617 1143 739 1210 195
778 1164 892 1201 nec
918 1141 1136 1201 densos
1166 1143 1417 1200 lustrare
1440 1138 1628 1196 locos.
1713 1133 1849 1213 quis
1879 1147 2118 1188 cernere
2147 1134 2350 1205 posset

782 1241 955 1304 milia
975 1255 1145 1302 tanta
1168 1237 1410 1303 virum?
1494 1237 1597 1296 vel
1622 1237 1708 1294 sic
1729 1236 1958 1293 locusta
1986 1228 2095 1288 sub
2129 1228 2323 1301 astris,

785 1351 1005 1408 Austro
1031 1346 1243 1420 flante,
1283 1340 1449 1401 cadit
1469 1340 1729 1418 Libycos
1753 1333 1970 1394 diffusa
1998 1350 2107 1409 per
2133 1348 2328 1408 agros,

783 1470 924 1510 vere
953 1448 1064 1507 sub
1097 1457 1401 1517 extrem03
1444 1442 1545 1501 vel
1571 1458 1713 1498 cum
1736 1442 1924 1497 Notus
1952 1430 2190 1492 aethere
2214 1430 2290 1489 ab
2320 1431 2442 1488 alto

785 1554 852 1610 in
880 1563 1053 1609 mare'
1079 1548 1467 1628 praecipitem
1490 1558 1838 1618 magnoque
1859 1557 1896 1595 a
1922 1536 2159 1595 turbiue
2188 1543 2422 1613 raptam

615 1660 743 1723 200
781 1657 871 1713 ire
899 1651 1089 1709 iubet.
1172 1646 1370 1706 dubiis
1400 1643 1752 1702 horrescunt
1779 1636 1959 1696 corda
1989 1657 2211 1715 pavore

787 1752 1094 1831 agricolis,
1139 1757 1379 1826 segetes>
1394 1765 1474 1803 ne
1499 1749 1765 1800 conterat
1788 1736 2033 1797 horrida
2062 1738 2268 1816 pestis,

784 1876 908 1915 neu
925 1861 1119 1914 vastet
1142 1851 1369 1909 fructus
1394 1858 1631 1905 teneros
1652 1837 1978 1919 hortosque
2002 1841 2285 1915 virentes,

786 1957 1071 2017 mollibus
1100 1961 1203 2011 aut
1228 1950 1410 2008 ramis
1431 1948 1744 2004 florentem
1764 1940 1966 2000 laedat
1988 1943 2232 2000 olivam.

782 2063 1029 2139 iamque
1057 2052 1276 2135 pedem
1302 2046 1611 2109 retrahens
1636 2046 1763 2102 ibat
1787 2045 2057 2103 Romana
2085 2046 2382 2119 iuventus,

619 2164 744 2233 205
786 2162 1021 2222 ductori
1052 2157 1337 2235 responsa
1365 2151 1585 2209 ferens.
1670 2145 1830 2206 hanc
1863 2147 2175 2225 proximus
2207 2144 2398 2206 hostis

790 2258 1123 2324 circumdat
1143 2258 1389 2316 levitate
1414 2272 1544 2311 sua.
1609 2251 1755 2309 iam
1780 2246 1927 2306 dura
1955 2248 2234 2307 subibant

788 2368 1055 2447 agmina.
1140 2360 1501 2419 conveniunt
1525 2352 1698 2412 densi
1723 2350 1798 2410 de
1825 2351 2126 2409 montibus
2140 2389 2144 2398 «
2157 2348 2382 2426 hostes,

786 2467 1061 2528 faucibus
1097 2474 1156 2521 et
1186 2461 1414 2520 cunctis
1443 2476 1686 2536 campos
1717 2451 2051 2513 funduntur
2076 2454 2144 2510 in
2172 2471 2401 2528 omnes,

788 2573 1017 2631 Austur
1043 2576 1134 2642 et,
1174 2561 1484 2624 indomitis
1513 2557 1731 2620 ardens
1754 2577 1908 2639 quae
1933 2556 2123 2613 fertur
2150 2556 2218 2614 in
2239 2557 2440 2633 armis,

624 2678 749 2740 210
791 2671 1172 2732 Macumiana
1194 2685 1435 2725 manus.
1518 2658 1784 2724 succedit
1808 2661 1980 2718 fortis
2007 2660 2302 2737 Ilasguas.

793 2777 1038 2853 iamque
1061 2771 1172 2831 sub
1196 2768 1447 2828 hostiles
1480 2766 1636 2823 acies
1661 2762 2005 2821 transmissa
2032 2770 2298 2819 catervas

793 2877 1111 2933 innumero
1139 2869 1412 2930 currebat
1438 2884 1633 2947 equ03
1675 2864 1994 2942 turbatque
2019 2864 2379 2943 premitque,

796 2986 858 3035 et
887 2976 1083 3052 magis
1113 2984 1291 3052 atque
1320 2954 1516 3048 magis
1546 2966 1802 3027 densum
1833 2965 2180 3043 stipatur-in
2206 2983 2445 3046 agmen,

793 3085 1236 3157 exsuperatque
1258 3075 1440 3131 viros.
1521 3069 1671 3149 ipsis
1698 3075 1924 3124 artatur
1948 3065 2022 3123 ab
2048 3064 2238 3127 hastis

626 3179 757 3248 216
798 3199 1075 3259 campus,
1119 3187 1179 3235 et
1208 3174 1442 3253 ingenti
1467 3168 1785 3253 quassatur
1810 3180 1970 3227 terra
1993 3170 2283 3232 tumultu.

795 3283 883 3342 sic
896 3326 914 3356 ,
954 3281 1062 3338 ubi
1089 3278 1455 3358 compellunt
1481 3275 1775 3335 currentia
1796 3271 2007 3331 nubila
2029 3274 2197 3332 venti

796 3401 1101 3443 murmure
1130 3401 1268 3440 cum
1289 3376 1489 3439 valido
1510 3423 1527 3454 ,
1567 3387 1659 3436 tot
1685 3376 1903 3434 crebris
1926 3375 2167 3455 ignibus
2195 3371 2410 3435 ardens

797 3485 1039 3544 nimbus
1066 3494 1125 3543 et
1152 3482 1401 3544 adversa
1426 3481 1675 3542 veniens
1701 3481 1768 3537 in
1793 3479 1988 3537 fronte
2017 3477 2280 3556 procella

795 3588 995 3647 influit
1022 3586 1248 3644 exactis
1275 3594 1445 3643 vasto
1472 3603 1611 3643 cum
1634 3580 1896 3663 pondere
1924 3582 2107 3660 guttis

628 3693 758 3759 220
798 3687 1106 3770 grandinis
1130 3684 1445 3761 infandae3
1490 3687 1710 3766 pluviis
1738 3686 2050 3762 ventisque
2077 3680 2379 3755 subactus,

801 3793 995 3851 tristia
1019 3788 1373 3849 submittens
1401 3789 1525 3846 iam
1549 3783 1805 3865 frigidus
1831 3803 1936 3843 ora
1960 3784 2152 3842 viator

801 3891 1080 3952 dentibus
1107 3892 1449 3968 infremuit3
1490 3891 1681 3950 victus
1711 3887 1800 3947 sic
1829 3896 1997 3965 terga
2026 3882 2280 3957 reflexit,

639 4093 738 4151 191
772 4091 963 4147 uolitet
1002 4094 1063 4145 ut
1080 4092 1116 4146 2
1142 4091 1261 4148 279.
1456 4088 1609 4143 ibid.
1646 4089 1780 4143 hunc
1808 4090 1861 4145 T
2072 4086 2172 4142 195
2205 4086 2438 4138 sternere
2458 4084 2540 4138 vel
2562 4098 2819 4138 scer-nere.

641 4164 745 4219 196
774 4162 861 4215 vel
884 4162 970 4226 M,
1002 4161 1098 4214 sub
1129 4160 1178 4213 Τ
1330 4159 1430 4214 198
1464 4158 1612 4211 ether
1638 4159 1688 4210 Τ
1838 4159 1938 4213 201
1973 4174 2075 4211 neu
2102 4157 2152 4209 Τ
2289 4156 2393 4210 207
2420 4154 2731 4208 conveniunt.
2753 4154 2818 4217 la,

637 4247 728 4284 cur
771 4230 981 4285 ueniunt
1025 4231 1099 4292 T,
1152 4243 1265 4281 cum
1308 4227 1518 4281 ueniunt
1559 4228 1628 4280 M
1827 4228 1958 4283 ibid.
1990 4226 2133 4280 denti
2164 4224 2216 4278 Τ
2411 4224 2513 4277 209
2547 4222 2749 4278 inermis
2773 4222 2825 4272 Τ

638 4301 744 4357 210
774 4296 1064 4354 muhaniam
1086 4297 1135 4352 Τ
1334 4296 1438 4350 217
1469 4296 1732 4352 crebribus
1757 4299 1808 4351 Τ
2002 4297 2107 4351 222
2137 4294 2243 4364 sic]
2276 4311 2350 4348 aa
2372 4293 2537 4348 tunc?
