3210 5200
643 436 773 485 xxx
1390 417 2065 486 MAZZUCCHELLII

641 605 771 645 esse
810 584 937 644 fere
980 601 1215 657 omnes,
1259 589 1322 642 et
1359 580 1439 641 ad
1476 584 1626 644 alios
1648 586 1812 665 prius
1839 584 2194 665 pertinuisse
2225 584 2493 648 codices:
2535 585 2645 648 sed
2666 588 2823 649 nihil

638 688 783 746 novi
810 689 875 745 in
901 684 1118 744 iisdem
1142 687 1365 761 inveni,
1408 687 1507 746 vel
1534 686 1697 768 quod
1726 688 2027 765 publicam
2053 700 2352 748 mereatur
2374 690 2595 749 lucem.
2682 701 2825 751 sunt

639 772 887 847 eaedem
912 807 1118 846 omues
1146 785 1457 866 decerptae
1485 807 1565 845 ex
1593 788 1895 847 codicibus
1920 787 2274 867 theologicis
2298 791 2398 850 vel
2421 791 2501 852 ad
2526 794 2824 872 iurispru-

622 876 905 949 'dentiam
933 888 1365 968 spectantibus,
1408 908 1664 969 quorum
1688 892 1975 969 scriptura
2001 895 2258 971 pertinet
2284 890 2363 949 ad
2385 896 2694 953 saeculum
2721 897 2822 957 13.

805 993 975 1050 Alter
1003 987 1195 1048 codex
1221 989 1661 1065 Trivultianus‚
1706 994 1972 1070 signatus
2001 995 2056 1051 A
2076 998 2160 1058 27
2163 994 2233 1069 5,
2280 1006 2370 1053 est
2396 993 2736 1056 chartaceus
2758 998 2826 1055 in

639 1093 786 1152 folio
825 1113 963 1151 cum
1002 1093 1230 1173 aliquot
1264 1093 1630 1152 membranis
1663 1096 2047 1174 interpositis.
2133 1115 2335 1154 rursus
2365 1096 2589 1156 offendi
2621 1101 2684 1155 in
2712 1096 2828 1156 hoc

641 1194 845 1254 codice
880 1205 1000 1253 tres
1049 1196 1286 1273 eclogas
1324 1192 1540 1274 prioris
1585 1195 1805 1256 codicis
1839 1217 1976 1255 cum
2005 1209 2238 1276 septem
2268 1200 2434 1272 aliis,
2479 1199 2695 1280 quibus
2724 1220 2830 1258 se·-

637 1317 827 1379 quens
870 1297 1214 1376 praefigitur
1251 1298 1494 1355 titulus:
1539 1299 1764 1376 Incipit
1790 1302 2029 1376 primus
2068 1299 2217 1356 liber
2247 1299 2506 1357 bucolice
2537 1300 2830 1358 Iohannis

640 1401 721 1458 L.
768 1399 841 1457 de
882 1399 1072 1456 Bonis
1115 1399 1191 1456 de
1226 1396 1440 1457 Aretio
1469 1409 1526 1455 et
1552 1399 1768 1480 egloga
1788 1403 1996 1479 prima
2025 1422 2179 1480 quae
2206 1402 2426 1459 dicitur
2445 1402 2645 1459 Ianua
2659 1444 2686 1472 ‚
2723 1400 2833 1458 aba·

644 1500 996 1559 describitur
1028 1511 1083 1557 et
1115 1500 1324 1558 laudes
1349 1502 1708 1559 Antonios-ti
1730 1502 1983 1560 Adurni
2008 1513 2151 1560 tunc
2179 1504 2370 1562 ducis.
2461 1503 2666 1580 ecloga
2704 1503 2829 1561 ibi-

647 1602 789 1661 dem
823 1600 1083 1661 secunda
1128 1600 1345 1659 dicitur
1381 1604 1625 1676 Ροόεἰε,
1671 1613 1733 1659 et
1769 1606 1944 1661 tertia
1974 1605 2329 1676 Parnasus,
2368 1604 2476 1664 uhi
2504 1606 2724 1664 dicitur
2751 1605 2828 1663 de

648 1715 834 1762 mone
852 1725 924 1781 p.
969 1699 1398 1782 (petrarchae)
1439 1713 1496 1759 et
1533 1701 1885 1761 describitur
1926 1724 2095 1763 mons
2120 1728 2447 1782 parnas-us.
2537 1708 2625 1766 ibi
2656 1728 2714 1767 v.
2744 1710 2828 1771 88

650 1817 711 1864 et
738 1826 903 1887 seqq.
938 1803 1088 1862 haec
1120 1803 1429 1881 leguntur:

886 1906 1052 1987 felir
1081 1906 1393 1965 vernat-ius
1408 1904 1661 1984 placido
1685 1907 1772 1963 sic
1784 1916 2022 1982 pectore
2047 1909 2219 1985 cepit.

898 2011 1063 2068 venit
1090 2018 1145 2065 et
1173 2007 1294 2065 huc
1323 2007 1464 2078 ille,
1508 2010 1618 2087 qui
1641 2009 1877 2065 nomine
1904 2010 2029 2066 iam
2056 2009 2348 2067 titulatus.

900 2122 988 2169 est
1009 2110 1163 2168 mila·
1184 2108 1509 2167 consimilis
1532 2151 1547 2166 .
1577 2110 1870 2188 etiamque
1882 2122 2165 2188 petrarca
2186 2121 2450 2171 vocatur.

645 2210 785 2273 vide
829 2234 1010 2296 quam
1045 2233 1171 2270 non
1209 2209 1466 2271 demisse
1485 2256 1502 2286 ,
1544 2231 1731 2293 quam
1773 2213 1896 2271 imo
1937 2214 2252 2293 magnifice
2278 2212 2353 2272 de
2381 2234 2446 2271 se
2474 2213 2690 2272 sentiat
2710 2232 2830 2272 no·-

644 2328 769 2376 ster
804 2316 905 2375 hic
947 2315 1023 2375 de
1068 2316 1254 2373 Bonis
1272 2358 1289 2388 ,
1334 2316 1438 2395 qui
1475 2311 1864 2373 Petrarcham
1906 2314 2266 2374 consimilem
2291 2317 2407 2374 sibi
2440 2314 2655 2374 audeat
2683 2336 2828 2394 pro-

639 2421 952 2477 nuntiare:
1016 2416 1167 2476 adeo
1223 2417 1453 2475 scilicet
1502 2435 1614 2476 nos
1669 2418 1829 2475 fallit
1877 2428 2082 2476 auctor
2127 2428 2359 2492 noster,
2418 2428 2488 2476 ut
2533 2419 2830 2497 pessimus

643 2523 914 2579 omnium
936 2526 1111 2600 poeta
1135 2516 1291 2575 nihil
1321 2516 1553 2576 dubitet
1580 2538 1709 2577 esse
1739 2540 1806 2579 se
1834 2522 2149 2602 aequalem
2171 2521 2271 2579 vel
2301 2522 2526 2600 optimo
2559 2521 2830 2578 omnium

638 2607 874 2703 poetae.
958 2621 1067 2681 sed
1093 2621 1300 2681 audire
1330 2633 1421 2681 est
1449 2633 1518 2680 ut
1546 2642 1612 2681 se
1641 2642 1764 2681 non
1793 2622 1976 2682 modo
2003 2621 2362 2683 Petrai-chae
2378 2668 2396 2699 ,
2439 2620 2546 2682 sed
2575 2623 2830 2700 Virgilio

640 2728 824 2783 etiam
849 2734 909 2782 et
933 2727 1181 2782 Horatio
1217 2723 1435 2781 audeat
1460 2726 1875 2804 aequiparare,
1922 2722 2067 2784 dum
2093 2746 2164 2784 eo
2185 2721 2257 2783 *se
2286 2726 2662 2783 miseriarum
2685 2720 2830 2782 red·-

639 2838 839 2886 actum
874 2826 1072 2903 pingit
1110 2834 1180 2881 ut
1222 2822 1432 2904 (quod
1462 2825 1657 2881 fatum
1686 2825 1802 2881 fuit
1837 2826 2019 2881 etiam
2056 2844 2425 2882 summorum
2452 2824 2832 2905 quorundam

644 2924 887 3006 vatum)
930 2944 1172 2983 necesse
1201 2924 1318 2982 sibi
1346 2934 1501 2982 esset
1528 2926 1753 2982 esurire
1770 2967 1787 2998 ,
1832 2926 2033 3002 algere
2049 2966 2066 2997 ‚
2113 2942 2184 2981 ac
2207 2925 2337 2982 sine
2359 2935 2520 2983 tecto
2545 2928 2674 2984 sine
2699 2927 2831 2986 lare

645 3041 805 3088 certo
829 3048 1020 3108 paene
1046 3026 1568 3085 victumwostiatim
1600 3025 1950 3107 quaeritare.
2035 3022 2146 3084 sed
2177 3028 2343 3106 prius
2376 3029 2494 3085 alia
2532 3027 2828 3110 quaedam

645 3134 832 3192 velim
874 3128 1297 3203 animadverti,
1344 3147 1495 3211 quae
1532 3124 1611 3184 ad
1643 3145 1773 3183 rem
1795 3136 2060 3185 nostram
2088 3129 2336 3187 faciunt.
2422 3140 2587 3188 sexta
2619 3133 2830 3209 ecloga

646 3235 870 3292 dicitur
895 3231 1340 3303 Mediolanum,
1382 3229 1489 3288 uhi
1514 3226 1865 3286 describitur
1882 3238 1938 3284 et
1958 3228 2318 3307 qualiter-fit
2335 3229 2460 3289 dux
2487 3243 2544 3289 et
2567 3244 2821 3291 creatur.

648 3356 789 3396 cum
815 3354 870 3393 a.
907 3335 1070 3399 1395
1097 3334 1401 3392 Galeatius
1428 3335 1772 3392 Vicecomes
1814 3328 1980 3390 ducis
2014 3333 2258 3390 titulum
2288 3337 2606 3415 sumpserit
2624 3379 2640 3409 ‚
2681 3333 2828 3394 hinc

643 3448 810 3518 patet
850 3455 968 3518 quo
1007 3445 1274 3514 tempore
1315 3436 1615 3514 scripserit
1652 3440 1827 3513 poeta
1866 3444 2069 3492 noster
2091 3431 2249 3493 hanc
2279 3437 2568 3515 eclogam.
2651 3438 2826 3497 initio

646 3551 889 3600 octavae
908 3583 924 3614 ,
982 3558 1134 3620 quae
1173 3538 1394 3596 dicitur
1423 3538 1698 3596 Ecclesia
1713 3580 1739 3609 ,
1794 3538 2166 3617 praeclarum
2184 3583 2200 3612 ,
2246 3539 2516 3621 quamvis
2558 3540 2828 3600 versibus

646 3641 722 3703 de
751 3664 917 3703 more
949 3660 1130 3724 quam
1154 3642 1258 3723 qui
1281 3643 1548 3699 maxime
1585 3640 1840 3716 inficeti,
1882 3641 2291 3700 testimonium
2328 3639 2597 3699 redditur
2622 3643 2829 3699 virtuti

642 3748 807 3811 Petri
835 3744 909 3803 de
937 3744 1363 3821 Lnxemburgo
1380 3787 1397 3818 ,
1448 3744 1551 3825 qui
1582 3743 1730 3802 obiit
1759 3740 2076 3802 cardinalis
2107 3753 2166 3800 et
2200 3745 2512 3821 episcopus
2540 3743 2828 3801 Metensis

642 3867 702 3907 a.
730 3851 890 3913 1387
905 3890 922 3921 ‚
968 3847 1178 3904 aetatis
1226 3865 1366 3904 vero
1414 3864 1559 3904 suae
1605 3848 1685 3909 18
1726 3855 1991 3917 tantum,
2037 3852 2097 3901 et
2134 3862 2190 3900 a.
2223 3843 2386 3908 1517
2421 3846 2633 3901 merito
2669 3844 2828 3901 inter

640 3952 860 4010 Beatos
891 3938 1115 4007 relatus
1140 3947 1257 4007 fuit
1283 3967 1320 4006 a
1344 3950 1546 4007 Leone
1577 3949 1656 4012 10
1681 3965 1917 4006 summo
1941 3943 2240 4024 pontifice.
2325 3948 2550 4025 priores
2580 3945 2826 4024 eclogae

640 4071 849 4115 versus
877 4060 1053 4110 sunt:

974 4153 1197 4212 Dulcis
1217 4153 1408 4212 amice
1432 4151 1531 4210 dez·
1552 4148 1750 4230 regali
1766 4150 1949 4226 stirpe
1970 4147 2278 4228 refulgens

899 4256 974 4317 de
998 4251 1697 4336 Luzimburquuefllter
1720 4252 1939 4309 Petrus
1973 4250 2198 4308 beams.

899 4369 1052 4420 sorte
1074 4359 1285 4420 dauon
1312 4354 1529 4439 quibus
1558 4364 1644 4412 est
1668 4373 1807 4414 cum
1832 4352 2001 4412 clave
2026 4349 2320 4411 revolvere
2346 4351 2561 4413 valva-s
