3210 5200
990 375 1518 446 IOHANNIDOS
1568 377 1727 445 LIB.
1773 379 1887 446 m.
2434 382 2531 450 59

426 552 468 618 5
511 550 975 629 circumquaque
1007 543 1189 606 duces
1218 547 1509 606 vallantes
1538 547 1781 625 agmine
1814 544 1999 606 'denso

507 652 827 711 consilium
851 650 1073 728 pariter
1098 653 1347 708 summis
1377 648 1451 707 de
1480 650 1658 707 rebus
1687 648 2010 726 habebant,

507 764 756 812 tractato
785 753 951 808 varie
980 761 1219 810 noctem
1243 771 1517 810 sermone
1545 749 1888 811 trahenteS.·

510 853 727 934 gaudia
756 854 1008 910 militiae
1036 853 1299 910 referunt
1326 855 1644 932 tristesque
1673 854 1928 929 labores,

511 975 779 1037 quasque
811 956 1060 1013 Latinus
1087 956 1213 1032 agit
1238 955 1484 1012 vincens
1510 957 1808 1014 exercitus
1833 956 2061 1030 orbem,

389 1063 469 1126 10
507 1079 669 1117 nunc
698 1058 853 1116 bene
880 1059 1223 1116 commissas
1245 1054 1567 1114 referentes
1595 1055 1807 1115 ordine
1831 1077 2086 1137 pugnas,

506 1180 667 1219 nunc
694 1161 855 1217 male
885 1169 1051 1238 gesta
1079 1146 1235 1217 novo
1265 1169 1666 1216 memorantes
1696 1160 1857 1217 bella
1889 1158 2116 1221 dolore.

511 1262 656 1322 dum
684 1260 917 1320 diversa
938 1271 1196 1336 canunt,
1244 1259 1451 1319 ductor
1481 1262 1568 1319 sic
1594 1261 1748 1319 forte
1775 1263 2031 1322 locutus.

501 1357 739 1446 “qualis
764 1366 831 1420 in
858 1360 1119 1421 adventu
1146 1363 1343 1421 fuerat
1369 1374 1511 1421 tunc
1542 1362 1744 1421 Africa
1771 1374 1996 1440 nostru,

508 1488 545 1526 o
574 1468 720 1526 socii
738 1510 753 1539 ,
799 1466 994 1522 saevis
1021 1475 1177 1524 esset
1205 1485 1343 1524 cum
1366 1465 1638 1544 maxima
1665 1468 1867 1543 regnis

387 1569 467 1635 15
509 1571 658 1628 ultio
685 1569 872 1626 missa
902 1564 1030 1641 dei,
1073 1569 1307 1626 tristem
1334 1588 1485 1649 quae
1512 1571 1623 1627 rite
1645 1578 1971 1646 tyrannum

510 1669 1022 1749 vandalicumque
1056 1687 1246 1747 genus
1283 1682 1532 1729 centeno
1565 1669 1841 1749 perderet
1871 1689 2048 1746 anno,

511 1774 803 1833 Geilamir
822 1770 1105 1830 infandus
1133 1773 1407 1852 quamvis
1434 1783 1760 1831 vexaverat
1786 1774 1963 1832 Afros

507 1874 965 1957 perdideratque
991 1894 1245 1950 nocens,
1287 1894 1543 1953 magnus
1574 1894 1694 1956 quo
1726 1884 1993 1954 tempore
2026 1873 2231 1934 ductor

508 1982 618 2041 sub
653 1982 793 2057 iuga
821 1976 1099 2036 Sidonias
1128 1980 1294 2036 misit
1323 1979 1648 2036 Belisarius
1684 1997 1869 2054 arces,

381 2088 467 2150 20
505 2081 869 2164 principibus
896 2090 1136 2158 captum
1160 2090 1545 2159 praesentans
1569 2081 1716 2137 urbe
1745 2076 2100 2160 tyrannum!

508 2203 690 2266 quam
718 2183 899 2239 celeri
931 2201 1107 2240 cursu
1132 2183 1383 2240 summis
1411 2193 1496 2241 tot
1519 2183 1680 2240 bella
1707 2193 1947 2261 peracta

506 2287 763 2359 viribus,
808 2294 911 2341 aut
936 2303 1089 2364 quae
1120 2283 1303 2363 digna
1331 2287 1529 2343 virum
1555 2285 1795 2344 fortuna
1822 2295 2026 2345 secuta
2054 2281 2179 2344 est!

504 2389 631 2448 ibat
658 2389 722 2445 in
751 2383 1037 2445 adductas
1071 2385 1272 2446 densis
1303 2390 1599 2446 exercitus
1631 2387 1875 2446 umbras

510 2488 815 2547 arboribus
833 2533 849 2563 ‚
894 2488 1089 2568 rapidi
1115 2510 1227 2548 neo
1255 2490 1399 2549 solis
1428 2487 1687 2548 torridus
1715 2486 1893 2546 ardor

380 2591 468 2662 25
505 2594 755 2653 militiae
777 2593 981 2648 nocuit
1007 2591 1246 2651 fervens
1277 2603 1498 2651 aestate
1526 2602 1788 2672 perusta,

507 2711 853 2776 quanquam
880 2702 1200 2751 autumnus
1227 2706 1382 2771 erat,
1426 2692 1658 2753 Phoebi
1686 2690 1998 2753 candentis
2032 2701 2089 2751 et
2118 2713 2237 2753 axe

505 2800 696 2856 tristia
723 2794 884 2852 bella
907 2796 1100 2872 magis
1128 2796 1321 2855 calida
1344 2797 1708 2856 inferrentur
1734 2816 1938 2856 arena.

505 2921 616 2959 nec
642 2901 841 2957 minus
873 2907 932 2955 et
958 2909 1129 2978 capto
1147 2944 1163 2974 ,
1208 2900 1366 2958 facta
1393 2902 1518 2958 iam
1542 2920 1722 2980 pace,
1764 2911 2019 2980 tyranno

504 3001 662 3060 laeta
689 3000 825 3058 fuit.
908 3002 1152 3079 plenam
1172 3002 1428 3081 Libyam
1455 3004 1796 3083 cultamque
1825 3002 2078 3083 reliqui;

384 3107 466 3171 30
506 3105 688 3184 inque
714 3112 873 3161 statu
897 3106 1138 3182 proprio
1166 3123 1266 3161 me
1296 3102 1637 3163 discedente
1667 3107 1973 3182 remansit,

510 3215 571 3263 et
597 3205 842 3262 melior:
887 3225 1021 3264 sum
1047 3224 1307 3285 namque
1333 3226 1586 3265 memor.
1672 3208 1968 3285 fecunda,
2015 3204 2356 3267 redundans

504 3308 776 3386 frugibus
796 3351 811 3380 ,
858 3317 918 3365 et
943 3307 1173 3366 fructus
1201 3308 1410 3365 lumen
1441 3305 1748 3369 fundentis
1780 3312 1976 3370 olivae

509 3419 568 3466 et
591 3409 800 3467 latices
822 3409 967 3467 laeti
991 3420 1236 3488 turgens
1263 3408 1557 3467 referebat
1578 3410 1800 3470 Iacchi.

504 3531 627 3591 pax
653 3522 781 3570 erat
810 3513 930 3569 alta
958 3513 1127 3571 locis.
1214 3531 1367 3592 quae
1397 3523 1560 3571 tauta
1589 3515 1821 3571 insania
1848 3503 2018 3591 belli,

379 3613 463 3681 35
507 3617 639 3695 quis
663 3614 831 3672 furor
860 3616 1085 3673 exarsit
1104 3617 1339 3673 miseris
1369 3616 1614 3673 insanus
1640 3617 1705 3672 in
1728 3616 1884 3674 arvis
1899 3612 1931 3674 ’ἓ

507 3736 661 3797 quae
686 3725 891 3791 movet
912 3717 1213 3774 immerito
1245 3720 1520 3797 quatiens
1546 3719 1802 3777 Bellona
1834 3717 2078 3797 flagello

506 3820 851 3877 innumeras
885 3815 1138 3897 gentes?
1182 3821 1282 3877 vel
1315 3839 1468 3901 quae
1498 3818 1764 3880 succedit
1793 3822 2035 3901 Erinys,

507 3932 568 3979 et
592 3918 1037 3982 Phaethonteos
1069 3924 1460 3982 commiscens
1488 3925 1766 4002 gentibus
1790 3926 1965 4003 ignes

501 4027 706 4084 omnia
737 4026 825 4083 sic
852 4026 1105 4103 mergit,
1147 4022 1349 4085 valida
1378 4026 1621 4086 labente
1652 4029 1823 4086 ruina
1840 4025 1873 4087 ’ἓ

330 4207 371 4263 5
405 4207 789 4331 ἀτωωὲοτφιο
840 4208 892 4262 Τ
1106 4210 1143 4264 7
1198 4213 1423 4267 tractatu
1469 4212 1614 4267 vario
1657 4212 1772 4267 ΜΤ
1990 4211 2061 4270 12
2112 4212 2283 4297 forte]
2340 4229 2429 4266 ore
2471 4213 2537 4265 M

324 4274 405 4399 gg
437 4277 754 4418 ἓιιιιὲἱωΤΤ.
918 4278 989 4332 23
1021 4277 1234 4334 adactu
1259 4282 1309 4333 Τ
1536 4284 1609 4337 26
1640 4297 1854 4352 cumque
1875 4281 1923 4336 12
2147 4284 2217 4338 85
2250 4298 2456 4338 monus
2483 4284 2534 4337 Τ
