3210 5200
923 423 1242 493 IUSTINI
1287 424 1645 495 MINORIS
1697 427 1855 496 LIB.
1905 426 2020 496 ΠΙ.

623 592 777 650 Hinc
808 590 970 650 aliud
1000 593 1237 671 pietatis
1267 609 1418 670 opus
1444 600 1570 649 tam
1602 592 1828 670 grande
1858 603 2126 653 secutum
2155 601 2270 653 est.

536 714 644 773 pro
673 696 886 752 vinctis
915 695 1121 751 flentes
1153 703 1373 771 nuptae
1404 713 1620 752 venere
1649 697 1898 767 maritis,

538 807 757 855 matres
782 815 888 873 pro
917 795 1154 871 genitis.
1238 796 1424 852 nescit
1452 815 1688 853 servare
1714 794 2007 874 pudorem

369 900 495 964 410
539 899 714 957 rebus
749 901 809 955 in
847 896 1082 954 afflictis
1110 898 1320 974 ingens
1353 895 1543 955 dolor.
1629 899 1945 955 immemor
1971 899 2097 956 ibat

539 1001 708 1057 turba
742 1000 832 1056 sui
860 1015 1043 1054 sexus
1064 1040 1080 1069 ‚
1126 996 1287 1055 cultu
1314 998 1673 1057 miserabilis
1702 1000 1854 1077 ipsc,

539 1123 647 1180 per
672 1098 903 1159 medios
931 1099 1203 1177 populos.
1287 1109 1607 1179 postquam
1633 1120 1848 1159 venere
1876 1101 2200 1160 verendam

532 1205 799 1262 Caesaris
828 1212 963 1259 aute
990 1221 1188 1258 caram
1206 1245 1223 1276 ,
1269 1204 1513 1260 cunctae
1545 1221 1653 1260 sua
1684 1214 1923 1281 pectora
1950 1203 2134 1262 durae

534 1304 774 1361 illidunt
805 1316 1016 1363 terrae.
1091 1295 1267 1381 “pius
1299 1323 1398 1375 es,
1435 1313 1604 1381 potes
1638 1299 1884 1362 omnia”
1928 1308 2219 1365 clamant:

363 1407 490 1472 416
525 1398 741 1463 “cerne
765 1410 893 1486 pias
922 1407 1231 1477 lacrimas,
1274 1406 1630 1463 miserorum
1656 1407 1895 1464 vincula
1925 1409 2111 1466 solve.

531 1510 818 1567 matribus
847 1507 940 1567 his
967 1518 1140 1565 natos
1158 1550 1174 1580 ‚
1218 1504 1314 1562 his
1339 1506 1540 1584 nuptis
1568 1504 1751 1564 redde
1777 1511 2041 1567 maritos.

532 1610 807 1668 omnibus
838 1608 984 1667 haec
1014 1611 1091 1665 sit
1120 1609 1274 1666 laeta
1310 1605 1469 1665 dies:
1521 1618 1624 1664 tua
1651 1607 1869 1686 gaudia
1900 1613 2174 1691 princeps

526 1714 729 1770 nullus
757 1721 893 1789 agat
919 1711 1121 1767 tristis.
1209 1719 1556 1766 cunctorum
1581 1712 1829 1767 crimina
1860 1710 2015 1786 dele,

529 1812 785 1890 gaudeat
820 1823 885 1868 ut
918 1811 1108 1868 laetus
1134 1812 1265 1866 miti
1293 1820 1353 1867 te
1381 1812 1650 1890 principe
1677 1809 2005 1873 muudus-’⁹

358 1913 486 1981 420
526 1913 634 1973 has
660 1917 796 1993 pius
827 1915 1061 1992 aspexit
1086 1914 1391 1985 lacrimas,
1434 1913 1830 1993 precibusque
1859 1913 2167 1977 dolentum

528 2019 769 2089 annuit,
815 2026 874 2073 et
902 2015 1054 2073 solvi
1084 2023 1324 2072 cunctos
1353 2032 1388 2070 a
1415 2015 1662 2073 crimine
1686 2017 1859 2076 iussit

522 2140 688 2178 more
723 2116 840 2174 dei.
928 2113 1075 2174 deus
1106 2125 1194 2174 est
1224 2117 1320 2172 cui
1346 2115 1527 2173 verbo
1561 2121 1841 2197 competit
1878 2140 1997 2179 uuo

522 2222 836 2279 iustificare
873 2218 1065 2275 malos
1095 2215 1412 2297 mediaque
1448 2236 1482 2274 a
1513 2230 1706 2276 morte
1737 2220 1958 2280 levare.

523 2320 740 2378 credite
774 2321 1152 2398 simpliciter:
1197 2338 1320 2376 vox
1349 2316 1498 2376 haec
1523 2324 1838 2379 temeraria
1874 2343 1992 2381 nou
2028 2336 2137 2384 est.

352 2418 480 2486 425
522 2423 624 2501 qui
652 2421 796 2478 facit
824 2420 968 2496 hoc,
1013 2420 1161 2479 deus
1192 2431 1309 2478 est:
1356 2418 1502 2477 deus
1535 2431 1625 2479 est
1653 2425 1712 2478 iu
1751 2424 1925 2481 corde
1962 2438 2302 2504 regentum:

520 2526 884 2604 principibus
913 2527 1191 2604 princeps
1224 2518 1508 2600 quicquid
1540 2519 1686 2579 deus
1720 2524 2002 2602 imperat,
2047 2524 2162 2585 hoc
2196 2540 2304 2587 est.

522 2638 810 2685 terrarum
840 2626 1081 2684 domiuo
1113 2623 1380 2682 Christus
1405 2622 1571 2682 dedit
1595 2628 1798 2683 omnia
1825 2646 2037 2706 posse:

522 2730 624 2785 ille
656 2740 743 2787 est
770 2730 1178 2807 omnipotens,
1223 2723 1322 2783 hic
1350 2728 1770 2805 omnipotentis
1798 2732 2026 2808 imago.

521 2832 774 2908 plurima
800 2842 1105 2909 praeterea
1128 2828 1381 2885 solemni
1406 2847 1654 2887 munere
1680 2830 1929 2907 donans,

346 2929 474 2998 480
517 2913 776 2992 dimissis
804 2934 1080 3012 populis,
1123 2949 1323 2989 arcem
1353 2933 1638 2989 remeavit
1668 2936 1734 2991 iu
1767 2936 1973 2993 altam.

795 3317 1261 3406 LIBER
1373 3316 2088 3407 TERTIUS.

517 3500 808 3618 Contigit
834 3552 902 3598 ut
930 3542 1203 3621 princeps
1232 3544 1487 3620 Augusti
1515 3541 1725 3599 limina
1754 3539 1914 3614 tecti,

510 3663 851 3724 quanquam
876 3645 1028 3702 festa
1058 3643 1187 3703 dies
1210 3655 1447 3704 sextam
1471 3651 1916 3719 consumpserat
1941 3639 2172 3721 horam,

509 3765 628 3804 uon
660 3744 863 3804 dulces
900 3748 1133 3825 epulas,
1176 3767 1297 3804 nou
1316 3748 1540 3826 ,pocula
1567 3754 1733 3822 grata
1759 3746 1991 3822 petivit,

507 3851 570 3905 ui
595 3851 779 3928 patris
804 3850 1066 3927 primum
1091 3836 1360 3908 sanctum
1391 3859 1450 3906 et
1473 3846 1811 3906 venerabile
1836 3867 2050 3925 corpus

423 3947 465 4013 6
508 3953 1110 4030 oruatum'exsequiis
1136 3953 1367 4009 tumulo
1401 3947 1712 4008 mandaret
1742 3951 1978 4027 opimis.

509 4062 644 4109 aute
674 4051 831 4110 fores
861 4054 984 4109 iam
1030 4051 1262 4131 [turba]
1312 4053 1462 4127 ruit,
1504 4053 1847 4130 passimque
1876 4072 1985 4130 per
2008 4053 2209 4112 aulam

503 4154 824 4229 porticibus
860 4154 1053 4231 longis
1085 4155 1277 4212 stabat
1309 4174 1444 4212 cum
1470 4155 1648 4232 plebe
1674 4163 1935 4228 senatus,

503 4253 748 4314 interius
776 4256 984 4314 sseutes
1010 4256 1243 4314 famuli.
1329 4276 1470 4314 vasa
1500 4275 1678 4313 aurea
1705 4257 1894 4330 mille,

500 4355 668 4413 mille
701 4357 1111 4415 columnarum
1136 4360 1397 4439 species,
1440 4369 1718 4438 argentea
1749 4359 1937 4436 mille,

2413 427 2557 496 187
