3210 5200
659 434 817 485 ηπ
1408 410 2083 481 MAZZUGGHELLII

664 583 769 641 cm’
818 580 920 640 vel
961 578 1236 657 plurima
1291 598 1414 636 non
1471 578 1666 637 desint
1675 620 1703 649 ,
1788 577 1888 636 vel
1939 596 2093 658 quae
2142 590 2461 659 supersunt
2471 621 2500 651 ,
2583 581 2672 638 ita
2725 583 2845 640 sint

666 688 983 742 immutata
1059 691 1129 737 ut
1191 681 1318 738 sine
1396 680 1623 758 Oedipo
1693 681 2011 738 coniectore
2074 682 2333 763 intelligi
2396 705 2516 742 non
2571 683 2836 743 valeant.

614 763 621 768 .
664 804 919 866 quorum
968 793 1171 841 utrum
1210 785 1292 841 sit
1328 786 1526 863 magis
1564 781 1887 840 dolendam
1898 825 1928 855 ,
1997 786 2100 841 vis:
2143 786 2463 865 quisquam
2508 785 2846 865 dignoscas

665 897 863 967 queat.

832 988 985 1045 Cum
1013 996 1212 1044 autem
1240 983 1340 1043 hic
1368 982 1442 1043 de
1468 984 1626 1044 ηὸίἰε
1651 988 1804 1045 meis
1829 1005 2023 1045 sermo
2054 985 2361 1062 inciderit,
2407 1008 2617 1047 vereor
2640 1008 2719 1046 ne
2746 1008 2847 1048 eas

664 1087 882 1148 eruditi
930 1090 1040 1146 viri
1081 1086 1389 1147 inveniant
1426 1089 1562 1167 plns
1608 1107 1791 1169 quam
1819 1109 1929 1167 par
1957 1098 2081 1146 erat
2112 1089 2261 1146 locIs
2291 1091 2587 1149 similibus
2614 1094 2848 1169 praeci-

662 1212 782 1271 -pue
812 1211 890 1249 ex
917 1193 1166 1268 Virgilio
1196 1189 1522 1268 desumptis
1555 1202 1846 1250 oneratas.
1933 1187 2040 1249 sed
2082 1208 2218 1247 cum
2246 1188 2502 1250 viderim
2525 1194 2847 1272 Corippum

662 1297 1023 1354 imitatorem
1050 1294 1283 1371 Virgilii
1309 1295 1538 1351 Lucani
1570 1304 1629 1350 et
1662 1292 1973 1351 Claudiani
2002 1292 2218 1366 fuisse,
2263 1311 2470 1353 omnes
2498 1296 2845 1371 locutiones,

662 1414 742 1455 ne
773 1396 971 1454 dicam
998 1398 1197 1453 omnia
1223 1396 1349 1453 fere
1377 1395 1558 1453 verba
1582 1395 1952 1454 Iohannidos
1977 1414 2114 1452 cum
2138 1396 2213 1453 iis
2242 1399 2576 1456 auctoribus
2605 1399 2845 1473 contuli,

662 1509 735 1558 ut
784 1500 1045 1557 securius
1088 1497 1429 1555 incederem
1477 1499 1540 1554 in
1582 1496 1930 1575 corrigendo
1982 1496 2411 1578 purgandoque
2454 1510 2628 1558 textu
2668 1520 2848 1581 quem

664 1623 811 1682 prae
845 1601 1122 1659 manibus
1167 1597 1484 1657 habebam.
1569 1594 1713 1655 hinc
1739 1598 1967 1657 factum
2000 1610 2087 1657 est
2118 1609 2184 1657 ut
2215 1610 2340 1657 tam
2370 1601 2662 1679 grandem
2685 1624 2850 1661 mes-

669 1725 800 1765 sem
830 1705 1171 1780 collegerim
1195 1704 1377 1780 inque
1408 1710 1578 1757 notas
1608 1719 1774 1756 meas
1801 1702 2104 1757 referrem.
2189 1704 2362 1778 plura
2391 1724 2454 1761 re
2482 1725 2621 1763 vera
2652 1706 2847 1781 reieci,

669 1826 824 1887 quae
849 1806 1083 1862 inutilia
1110 1801 1363 1859 subinde
1387 1800 1540 1857 mihi
1568 1803 1698 1859 visa
1726 1812 1894 1859 sunt:
1941 1800 2048 1859 sed
2076 1822 2196 1859 non
2225 1807 2394 1880 potui
2422 1825 2521 1863 me
2551 1810 2851 1864 continere

662 1910 817 1989 quin
866 1908 981 1964 alia
1023 1905 1197 1982 plura
1236 1907 1585 1979 retinerem,
1641 1923 1720 1960 ne
1764 1914 1960 1960 totum
2000 1905 2267 1962 laborem
2308 1925 2512 1964 meum
2551 1909 2852 1967 incassum

667 2012 832 2070 abire
871 2006 1158 2066 viderem.
1241 2008 1398 2063 iuter
1435 2016 1608 2063 notas
1648 2007 1874 2063 criticas
1905 2003 2238 2065 adiicienda
2272 2027 2401 2066 esse
2434 2012 2637 2067 censui
2669 2013 2851 2068 etiam

666 2115 841 2192 plura
869 2128 1023 2192 qnae
1050 2108 1128 2167 ad
1154 2107 1464 2167 historiam
1489 2110 1806 2187 praecipue
1834 2106 2250 2167 illustrandam
2267 2155 2282 2186 ,
2332 2120 2390 2167 et
2418 2108 2497 2167 ad
2521 2111 2853 2172 faciliorem

666 2233 873 2274 eorum
918 2214 1380 2289 intelligentiam
1421 2228 1574 2290 quae
1611 2210 1677 2268 in
1716 2218 1993 2290 poemate
2026 2213 2337 2289 leguntur,
2384 2211 2646 2271 conferre
2676 2233 2852 2292 posse

664 2317 905 2397 putavi,
947 2332 1027 2372 ne
1073 2314 1261 2371 lector
1305 2331 1454 2391 opus
1491 2310 1741 2370 haberet
1771 2314 2077 2372 consulere
2109 2318 2302 2374 varios
2330 2316 2514 2374 libros
2531 2357 2548 2389 ‚
2594 2334 2743 2395 quos
2774 2313 2852 2372 ad

662 2437 877 2478 manus
923 2418 1197 2475 omnium
1235 2416 1426 2473 ferme
1459 2434 1583 2474 non
1624 2426 1781 2473 sunt.
1867 2414 2088 2476 idcirco
2128 2419 2483 2500 plerumque
2526 2429 2850 2493 auctorum,

665 2541 815 2604 quos
844 2522 1020 2578 citare
1044 2518 1292 2577 fortasse
1320 2526 1446 2575 erat
1474 2520 1679 2594 satius,
1708 2520 1941 2598 integra
1969 2520 2099 2578 loca
2125 2524 2322 2579 retuli.
2377 2524 2612 2600 praeter
2634 2519 2853 2578 menda

665 2634 869 2683 textus
885 2663 901 2699 ‚
947 2619 1166 2702 quibus
1193 2631 1379 2680 scatet
1407 2619 1598 2681 codex
1618 2665 1635 2697 ,
1680 2624 1865 2681 etiam
1899 2644 2107 2683 omnes
2137 2627 2365 2703 glossas
2390 2635 2448 2682 et
2471 2626 2853 2682 annotatiun-

668 2726 868 2798 culas,
916 2741 1064 2802 quas
1108 2726 1174 2780 in
1221 2725 1387 2781 illius
1413 2728 1686 2802 margine
1718 2728 1945 2803 reperi,
1992 2735 2261 2782 accurate
2290 2728 2354 2781 in
2378 2728 2533 2782 notae
2560 2728 2712 2784 meis
2740 2744 2854 2783 ex-

666 2825 872 2900 hibui,
917 2843 996 2881 ne
1038 2821 1187 2902 quid
1231 2821 1597 2881 desideretur
1637 2826 1712 2881 ab
1752 2826 1827 2888 iis
1871 2827 1975 2903 qui
2012 2824 2324 2899 ingenium
2363 2841 2540 2881 suum
2575 2846 2853 2884 exercere

665 2928 962 2988 voluerint
984 2927 1050 2983 in
1074 2921 1239 2980 idem
1266 2943 1414 3002 opus
1444 2935 1502 2982 et
1527 2928 1592 2982 in
1616 2942 1837 2982 novam
1872 2922 2029 2981 hanc
2053 2942 2316 2983 messem
2347 2935 2481 3003 post
2506 2927 2607 2983 me
2633 2926 2855 2986 falcem

666 3031 927 3089 mittere.
1013 3024 1226 3084 eadem
1255 3025 1434 3105 plane
1466 3027 1618 3086 ratio
1651 3045 1752 3084 me
1789 3030 1977 3085 movit
2004 3037 2072 3086 ut
2099 3029 2280 3086 etiam
2313 3031 2474 3108 typis
2517 3032 2854 3088 committe-

668 3147 829 3206 rem,
875 3148 1265 3211 quaecunque
1304 3130 1509 3188 inveni
1549 3125 1616 3185 in
1652 3128 1844 3186 tribus
1889 3126 2179 3188 distinctis
2224 3127 2459 3189 schedis
2506 3135 2752 3211 repertis
2786 3133 2852 3192 in

671 3231 872 3293 codice
917 3233 1317 3293 Trivultianoa
1416 3251 1498 3289 ex
1539 3231 1864 3309 scripturae
1907 3229 2070 3289 enim
2115 3230 2388 3291 ductibus
2434 3235 2711 3293 existimo
2752 3253 2852 3294 eas

674 3346 946 3394 exaratas
970 3336 1156 3393 fuisse
1184 3336 1257 3393 ab
1286 3332 1499 3393 eodem
1525 3331 1743 3392 codicis
1768 3336 2130 3413 exscriptore
2147 3379 2163 3410 ,
2209 3351 2390 3417 quem
2416 3336 2602 3395 fuisse
2630 3335 2852 3395 Iohan-

672 3455 816 3495 nem
845 3435 1217 3496 Ludovicum
1242 3436 1316 3495 de
1341 3439 1544 3511 Bonis,
1586 3446 1654 3494 ut
1683 3455 1860 3516 supra
1889 3438 2079 3512 innui,
2115 3436 2384 3497 dubitare
2407 3457 2660 3519 nequeo.
2735 3459 2854 3517 pe-

672 3539 1011 3613 riochcmcm
1052 3542 1296 3600 titulum
1341 3541 1462 3599 illis
1498 3540 1759 3618 imposui
1778 3583 1794 3615 ‚
1854 3542 1994 3620 quia
2031 3543 2232 3622 aliquo
2273 3539 2452 3602 modo
2496 3538 2854 3620 respondent

670 3642 795 3701 illis
830 3643 1128 3722 periochis
1141 3686 1168 3716 ,
1222 3661 1368 3724 quas
1406 3645 1637 3702 invenit
1680 3653 1739 3700 et
1775 3640 1962 3702 edidit
1995 3645 2310 3722 Assagrius
2342 3646 2405 3701 in
2435 3659 2543 3702 suo
2575 3645 2853 3722 Corippo.

670 3754 905 3803 nostrae
946 3757 1143 3804 antem
1187 3756 1325 3806 sunt
1352 3746 1530 3825 plane
1561 3744 1859 3822 rudiores,
1906 3755 1965 3805 et
2005 3744 2223 3805 idcirco
2245 3765 2366 3805 non
2396 3754 2532 3803 ante
2563 3764 2742 3823 opus,
2784 3754 2855 3801 ut

668 3847 813 3905 fecit
834 3848 985 3932 ille,
1031 3847 1140 3908 sed
1185 3850 1250 3907 in
1298 3851 1456 3908 calce
1504 3841 1644 3907 libri
1685 3843 2034 3907 reiiciendas
2070 3844 2255 3921 duxi,
2299 3863 2435 3904 cum
2464 3848 2672 3924 religio
2697 3841 2852 3902 mihi

669 3948 853 4008 fuerit
899 3970 997 4010 eas
1040 3954 1283 4011 omnino
1322 3954 1630 4011 omittere:
1688 3971 1835 4009 nam
1874 3953 1936 4008 in
1984 3947 2202 4008 iisdem
2242 3947 2422 4007 etiam
2458 3949 2685 4028 aliquot
2711 3954 2852 4005 sunt

670 4052 883 4129 verba,
943 4073 1096 4135 qnae
1139 4054 1217 4113 ad
1256 4056 1623 4115 Iohannidos
1662 4062 1876 4134 poema
1924 4061 2223 4132 spectant,
2286 4069 2558 4132 quaeque
2603 4049 2851 4106 alteram

671 4154 995 4236 aliquando
1032 4159 1352 4218 lectionem
1391 4158 1696 4239 praebent.
1782 4166 2043 4214 ceterum
2081 4152 2486 4213 animadverto
2518 4171 2619 4212 me
2644 4170 2852 4211 serva-

671 4260 830 4318 visse
876 4259 1096 4322 codicis
1140 4259 1658 4342 orthographiam,
1702 4259 2043 4341 ubicunque
2086 4273 2221 4318 eam
2258 4260 2412 4318 tueri
2440 4258 2611 4339 potui
2644 4255 2854 4316 ancto-

674 4359 846 4422 ritate
879 4367 1403 4444 grammaticorum
1433 4365 1613 4447 primi
1639 4362 1920 4424 nominis-
