3210 5200
976 462 1091 528 DE
1139 414 1548 531 nummus
1597 463 1931 535 msnm.
2394 468 2538 539 385

373 628 587 687 ibatur.
671 623 984 686 Claudian-
1017 646 1234 707 paneg.
1279 626 1354 688 de
1391 649 1552 690 cons.
1582 630 1810 709 Olybrii
1834 640 1894 690 et
1912 629 2191 690 Probini:
2232 635 2545 696 unanimes

352 714 589 793 fratres
616 713 849 771 ἰιιιιοιοε
864 724 1200 791 praeamata
1216 725 1427 772 senatu
1450 717 1534 771 ire
1542 714 1781 792 fhrum.
1873 726 1934 774 et
1957 714 2031 774 de
2058 721 2098 781 6
2130 718 2287 776 Ηοιι.
2315 721 2544 779 consul.

372 799 726 876 desuetaque
751 800 941 877 cingit
957 799 1158 876 regius
1189 798 1872 898 amassorasascibus
1911 800 2095 879 Ulpia
2122 800 2311 859 lictor.
2385 805 2540 863 infra

370 881 412 946 4
449 886 606 946 23δὲ
647 884 887 940 incessit
920 880 1112 939 laetus
1127 884 1450 960 praeclara
1474 886 1541 942 in
1578 895 1736 942 vecte
1759 895 2018 943 senam.
2110 903 2362 966 quorum
2403 890 2542 967 qni-

374 964 513 1024 dem
552 968 841 1025 nonnulla
886 965 1294 1027 animadversa
1337 979 1477 1029 sunt
1518 989 1554 1027 a
1591 970 1733 1029 viris
1778 967 2000 1042 doctis,
2060 972 2262 1027 omnia
2290 990 2325 1029 a
2350 973 2541 1049 nullo,

375 1047 540 1131 quod
563 1053 768 1110 sciam.
853 1053 1054 1131 itaque
1079 1055 1258 1112 sacris
1283 1055 1535 1132 peractis
1563 1063 1805 1113 senatus
1840 1052 2093 1112 ducebat
2124 1053 2370 1113 domum
2394 1076 2543 1116 con-

376 1136 555 1195 sules.
643 1135 815 1196 Ovid.
846 1135 920 1195 de
949 1139 1138 1196 Ponto
1165 1136 1206 1200 4
1239 1136 1310 1200 43
1365 1139 1510 1201 inde
1545 1138 1788 1196 domum
1824 1149 2043 1217 repetes
2081 1148 2199 1196 toto
2229 1142 2544 1199 nomismate

375 1231 612 1291 senatu,
652 1222 910 1299 officium
924 1222 1141 1299 populi
1160 1223 1262 1280 vix
1286 1225 1552 1301 capiente
1572 1222 1766 1281 domo.
1852 1225 2134 1284 Dnn’sr.

542 1308 684 1367 285.
770 1305 846 1364 de
868 1307 1147 1365 Marcello
1187 1309 1398 1366 Iustini
1437 1309 1618 1366 fratre
1660 1308 1874 1366 nullibi
1913 1309 2279 1369 mentionem
2323 1308 2545 1368 factam

373 1390 631 1447 invenio.
717 1390 1073 1449 Baduariuc
1094 1411 1233 1449 vero
1262 1403 1365 1450 aut
1391 1392 1739 1450 Badoan'us
1775 1396 1946 1466 (uam
1986 1404 2237 1474 utroque
2274 1391 2496 1452 modo
2476 1414 2544 1453 m

373 1475 813 1553 exemplaribus
855 1496 951 1534 ms
988 1475 1233 1555 legitur)
1281 1495 1465 1554 gener
1498 1477 1613 1534 fuit
1652 1478 1863 1535 Iustini
1896 1479 2196 1552 Caesaris,
2255 1478 2359 1557 qui
2386 1492 2541 1538 anno

371 1560 559 1636 ipsius
599 1561 835 1639 imperii
874 1558 1108 1619 decimo
1148 1562 1363 1620 missus
1404 1564 1470 1619 in
1498 1562 1734 1620 Italiam
1773 1572 1974 1620 contra
1998 1560 2423 1639 Longobardos
2454 1563 2541 1621 ibi

374 1644 602 1720 proelio
628 1646 818 1703 victus
845 1657 936 1704 est
958 1666 1071 1704 neo
1098 1647 1289 1704 multo
1316 1656 1453 1725 post
1480 1648 1663 1705 etiam
1690 1657 1990 1722 mortuus,
2045 1656 2113 1706 ut
2139 1647 2223 1705 ait
2258 1648 2323 1704 in
2352 1643 2542 1706 Chro-

373 1728 509 1785 nico
534 1725 827 1788 Iohannes
855 1731 1036 1789 abbas
1063 1732 1440 1790 Biclarensis.
1522 1733 1708 1789 Rmz.

542 1810 622 1870 ib.
714 1815 1074 1895 Marcellus]
1115 1835 1235 1873 non
1268 1825 1358 1874 est
1398 1817 1452 1874 is
1497 1819 1602 1893 qui
1642 1833 1778 1873 cum
1805 1813 2061 1872 Albanio
2087 1812 2334 1873 insidias
2361 1815 2539 1899 Iusti-

376 1896 556 1955 niano
586 1899 928 1977 imperatori
951 1911 1040 1958 est
1059 1901 1329 1974 molitus,
1376 1909 1437 1957 et
1483 1900 1887 1958 coniuratione
1931 1896 2159 1957 detecta
2200 1897 2400 1978 gladio
2441 1894 2540 1958 in-

349 1982 659 2042 -cnmbens
681 1986 1046 2045 inconsultae
1070 1986 1418 2044 temeritatis
1441 1996 1667 2063 poenas
1696 2004 1730 2041 a
1761 2003 1825 2041 se
1842 1992 2033 2040 morte
2059 1985 2281 2063 exegit,
2308 1993 2378 2043 nt
2398 2002 2543 2043 nar-

376 2076 467 2124 rat
492 2068 822 2145 Diaconus,
867 2068 976 2131 sed
1002 2071 1153 2129 alius
1172 2114 1188 2144 ,
1233 2071 1402 2128 cuius
1430 2071 1655 2128 mentio
1683 2068 1851 2126 nulla
1888 2065 2049 2146 apud
2072 2065 2381 2127 historicos
2414 2070 2543 2127 eius

374 2154 595 2210 saeculi
625 2153 788 2234 quod
816 2158 1022 2228 sciam,
1067 2166 1125 2213 et
1152 2166 1355 2213 tamen
1385 2174 1523 2212 eum
1551 2154 1764 2212 Iustini
1792 2153 2036 2210 fratrem
2058 2151 2204 2209 facit
2232 2153 2544 2231 corippus.

371 2237 653 2297 Dzmsr.
735 2259 857 2298 non
884 2242 1102 2318 legitur
1126 2241 1193 2296 in
1218 2240 1359 2297 ullis
1386 2248 1657 2296 veterum
1678 2237 2079 2296 monumentis
2104 2235 2545 2314 Iustinosmbse

358 2320 653 2400 fratrem,
697 2342 836 2380 cum
876 2324 1029 2382 aliae
1064 2325 1192 2381 eius
1228 2324 1426 2380 minus
1457 2333 1618 2381 artae
1642 2318 2108 2381 necessitudines
2137 2330 2376 2379 notatae
2401 2323 2544 2380 sint.

378 2423 564 2484 quare
595 2409 861 2485 suspicor
885 2407 1110 2487 fratris
1131 2409 1200 2464 in
1224 2406 1565 2486 obsequium
1609 2406 1689 2466 ad
1725 2425 1926 2466 curam
1967 2424 2350 2486 amoremque
2373 2406 2542 2485 prin-

379 2490 528 2568 cipis
569 2493 711 2549 novi
754 2492 917 2551 velut
954 2492 1279 2551 fraternum
1316 2493 1513 2571 potius
1559 2510 1742 2572 quam
1785 2491 2139 2569 sanguinem
2166 2487 2544 2549 referendum

376 2594 530 2634 esse.
612 2578 991 2637 notissimum
1008 2621 1024 2653 ,
1082 2580 1189 2658 qui
1231 2580 1522 2637 artissime
1562 2586 1835 2637 amantur
1881 2587 1939 2635 et
1965 2585 2226 2651 amant,.
2260 2594 2545 2655 germano

376 2660 758 2741 fraternoque
785 2682 985 2721 amore
1012 2683 1075 2723 se
1106 2661 1352 2740 diligere
1380 2664 1638 2721 invicem
1663 2661 1801 2721 dici.
1859 2659 2072 2742 quodsi
2098 2659 2214 2721 hoc
2240 2681 2548 2720 commen-

375 2755 510 2805 tum
528 2748 729 2806 minus
749 2747 963 2825 placet,
1006 2767 1124 2828 per.
1137 2749 1347 2806 fratres
1375 2745 1626 2806 duarum
1651 2766 1919 2806 sororum
1941 2744 2042 2804 hic
2066 2747 2265 2805 mariti
2287 2747 2549 2824 intelligi

377 2841 646 2910 possunt,
674 2833 1288 2911 imperatornimirum
1302 2851 1491 2891 novus
1518 2842 1578 2891 et
1600 2834 1713 2892 iste
1727 2832 2063 2891 Marcellus.
2101 2842 2296 2910 potest
2315 2850 2459 2890 vero
2488 2840 2548 2889 et

376 2913 660 2974 Baduarii
674 2917 857 2977 frater
866 2919 1051 2977 fuisse
1063 2918 1378 2976 Marcellus
1394 2919 1527 2976 iste.
1568 2915 1679 2978 sed
1696 2914 2263 2976 certinihilscimus.
2296 2919 2545 2975 ΒΛιιτιι.

375 3002 645 3080 Assagrii
661 3002 982 3061 lectionem
1001 3005 1284 3061 intactam
1303 3003 1534 3083 reliqui,
1564 3001 1673 3063 sed
1689 3004 1740 3061 si
1756 3003 1847 3060 fas
1861 3012 1968 3075 est,
2001 3003 2212 3062 malim
2225 3002 2423 3079 legere
2439 3020 2548 3080 per

333 3106 342 3114 ·
377 3089 743 3165 synaeresim
758 3089 1146 3158 Marcianus,
1177 3108 1358 3168 quem
1369 3090 1628 3147 Iustinus
1648 3090 1902 3147 Orientis
1930 3046 2143 3146 ducem
2169 3087 2547 3160 renuntiavit,

378 3180 440 3229 et
452 3190 633 3251 quem
645 3175 1017 3252 imperatoris
1032 3170 1375 3250 ὃξᾶδελφον,
1399 3172 1464 3230 id
1482 3185 1570 3232 est
1583 3174 2018 3246 consobrinum,
2035 3181 2206 3230 vocat
2218 3166 2550 3248 Theopha-
2574 3197 2578 3205 Δ

376 3275 487 3314 nes
497 3259 819 3336 Byzantius
844 3256 1003 3337 apud
1017 3256 1317 3332 Ριιοιιιιιιι,
1341 3255 1414 3315 de
1430 3258 1658 3315 familia
1672 3259 2048 3336 imperatoria
2061 3253 2550 3336 Theophylactus

379 3340 721 3416 Simocatta,
745 3345 969 3402 Iustino
982 3362 1199 3421 genere
1217 3342 1594 3400 coniunctum
1610 3343 1921 3418 Evagrius.
1968 3343 2257 3399 Martinus
2267 3341 2550 3399 nomina-

380 3427 516 3482 tur·
499 3445 563 3483 ιιι
589 3425 878 3486 Chronico
902 3426 1291 3506 Theophanis
1317 3436 1448 3483 tum
1475 3426 1698 3484 Graeco
1725 3435 1855 3484 tum
1882 3427 1948 3481 in
1971 3427 2252 3483 Latinum
2276 3443 2446 3482 verso
2455 3424 2549 3491 ab

383 3511 694 3571 Anastasio
718 3511 1200 3585 bibliothecario,
1245 3529 1364 3592 qua
1384 3509 1457 3568 de
1474 3530 1536 3567 re
1554 3507 1768 3568 eodem
1788 3509 2028 3565 nomine
2052 3515 2245 3586 potuit
2273 3510 2471 3580 etiam,
2494 3507 2551 3565 si

380 3596 595 3669 mavis,
625 3615 661 3654 a
676 3597 926 3675 Corippo
943 3598 1251 3677 appellari.
1307 3593 1449 3654 hinc
1467 3605 1668 3653 autem
1682 3594 1982 3670 intelliges
1997 3611 2237 3673 quoque
2253 3610 2356 3649 cur
2368 3588 2502 3650 hic
2483 3611 2549 3648 ιιι

383 3680 669 3739 comitatu
707 3685 851 3740 novi
895 3684 1263 3762 imperatoris
1305 3682 1532 3783 primus
1559 3688 1962 3752 recenseatur,
2020 3678 2346 3756 postposito
2372 3677 2553 3734 etiam

380 3763 722 3840 Baduario,
788 3768 891 3846 qui
917 3770 1059 3826 novi
1087 3768 1458 3848 imperatoris
1494 3775 1618 3823 erat
1664 3782 1849 3842 gener
1893 3772 1953 3820 et
1977 3780 2126 3821 mox
2152 3761 2345 3819 factus
2382 3781 2555 3820 curo-

379 3851 601 3928 palate.
686 3849 1090 3931 Theophanes
1120 3849 1426 3911 cuiusdam
1452 3850 1723 3908 Marcelli
1746 3848 2037 3921 meminit,
2069 3865 2248 3926 quem
2273 3847 2552 3906 Iustinia-

293 4007 296 4012 ι
382 3952 498 3992 ιιιιι
525 3938 826 4014 copiarum
850 3936 1200 3998 ductorem
1183 3957 1248 3995 ιιι
1275 3940 1487 3995 Persas
1510 3937 1676 3994 misit
1701 3953 1758 3992 a.
1781 3933 1929 3997 561.
2013 3933 2214 3991 Foco.

515 4019 698 4082 284.
783 4042 967 4100 gener
1004 4024 1214 4083 Iustini
1253 4022 1370 4079 fuit
1409 4020 1791 4089 Baduarim,
1847 4016 2222 4088 Badoan‘us,
2281 4018 2382 4075 vel
2420 3993 2555 4073 aliis
2628 4065 2641 4076 ,

385 4102 749 4174 Baium-m,
795 4125 976 4186 quem
1019 4119 1226 4168 octavo
1259 4105 1520 4208 hPP⁰ffl‚
1532 4126 1689 4164 anno
1718 4104 1934 4183 pugnis
1971 4121 2209 4161 caesum
2239 4120 2279 4159 a
2304 4101 2551 4160 cubicu-

385 4186 550 4244 lariis
591 4191 822 4247 senatui
865 4192 1170 4266 exhibuit,
1232 4193 1398 4250 cuius
1439 4192 1527 4249 rei
1559 4189 1916 4267 indignitate
1964 4186 2119 4268 (erat
2156 4188 2321 4247 enim
2358 4202 2556 4244 comes

384 4272 786 4350 imperialium
814 4275 1209 4355 stabulorum)
1242 4286 1406 4336 mota
1432 4273 1660 4354 Sophia
1705 4274 1874 4331 flexit
1901 4274 2195 4332 Iustinum
2229 4268 2309 4329 ad
2345 4269 2559 4347 poeni-

331 4393 346 4418 .
383 4357 671 4415 tentiam·
653 4399 672 4431 ‚
726 4362 829 4439 qui
857 4361 923 4418 ιιι
957 4363 1189 4422 stabulo
1229 4361 1542 4420 commissa
1581 4358 1945 4440 supplicibus
1986 4359 2183 4417 verbis
2214 4354 2561 4434 deprecatus

341 4450 478 4500 ··est
504 4440 974 4528 Biduariumqne
1015 4448 1283 4510 convivio
1321 4444 1615 4506 adhibuit.
1697 4440 1847 4503 haec
1873 4445 2194 4504 Diaconum
2278 4447 2421 4499 sunt
2452 4439 2561 4522 qni
