3210 5200
634 423 790 473 mxlv
1544 403 1902 472 FOGGINI
2021 485 2032 497 .
2725 488 2735 501 Ι

631 571 797 652 bycis
830 569 1075 654 titulum
1111 569 1476 630 Iohannicloe
1517 570 1888 652 praefixerit,
1933 572 2067 654 quis
2106 572 2265 632 foret
2297 572 2403 633 ille
2439 570 2736 634 Iohannes
2769 593 2809 633 a

633 694 751 755 quo
774 675 1114 752 poemation
1139 677 1223 732 ita
1247 676 1702 755 nuncupabatur
1716 721 1732 750 ,
1778 675 2049 735 Chifletio
2078 688 2138 735 et
2165 679 2472 737 coutantic
2499 698 2647 757 opus
2677 687 2806 735 erat

631 777 972 855 diligentius
1016 775 1380 856 expendere,
1442 797 1520 834 ne
1567 776 1981 857 deciperentur
2025 781 2432 839 existimantes
2475 779 2805 838 celebrasse

626 882 950 960 Corippum
980 880 1206 937 bellum
1230 881 1296 937 in
1321 879 1524 939 Africa
1549 899 1585 936 a
1614 879 1877 937 Iohanne
1900 883 2153 940 Patricio
2180 892 2415 960 gestum
2437 884 2583 960 imp.
2602 885 2805 939 Leon-

627 986 697 1041 tii
730 1004 885 1041 anno
914 983 1107 1040 tertio.
1189 1000 1385 1060 neque
1412 982 1575 1038 enim
1602 979 1719 1039 hoc
1748 982 1944 1040 solum
1968 985 2034 1040 iu
2060 985 2261 1041 Africa
2289 996 2527 1062 gestiun
2553 993 2642 1042 est
2667 986 2803 1043 bel-

623 1086 763 1151 lum,
781 1106 815 1143 a
840 1081 1099 1165 quodam
1118 1079 1384 1139 Iohanne
1408 1084 1662 1141 Patricio
1678 1127 1695 1157 ,
1739 1082 1846 1142 sed
1868 1088 2049 1143 etiam
2072 1087 2336 1144 confecta
2363 1097 2501 1145 sunt
2525 1086 2806 1146 diuturna

621 1191 1027 1247 Romanorum
1059 1203 1199 1241 cum
1236 1184 1460 1241 Mauris
1506 1195 1565 1242 et
1607 1185 1891 1247 Vandalis
1933 1191 2149 1266 agitata
2201 1190 2442 1268 praelia
2467 1191 2576 1247 sub
2620 1191 2804 1247 Iusti-

620 1291 798 1347 niano
832 1289 1090 1365 Magn03
1137 1296 1198 1344 et
1228 1287 1569 1345 nullatenus
1599 1286 1804 1348 dubito
1837 1293 2117 1349 cecinisse
2146 1293 2237 1349 ΕΙ.
2270 1293 2649 1349 Cresconium
2683 1292 2803 1349 Co-

619 1395 859 1470 rippum
901 1389 1132 1447 Latinis
1174 1387 1477 1462 versibus,
1535 1408 1689 1468 quae
1740 1393 1931 1450 soluta
1976 1395 2198 1451 Graeca
2253 1394 2517 1452 oratione
2569 1394 2803 1471 scripsit

613 1496 936 1573 Procopius
981 1494 1045 1548 iu
1084 1488 1334 1547 historia
1369 1488 1445 1547 de
1490 1489 1651 1549 bello
1684 1492 2046 1571 Vandalicc3
2091 1507 2151 1554 et
2194 1494 2440 1555 heroem
2469 1514 2577 1555 seu
2608 1496 2802 1553 mavis

612 1598 1025 1655 Maecenatem
1074 1592 1367 1670 poematis
1411 1592 1506 1649 sui
1540 1589 1875 1652 Iohannem
1924 1617 2334 1678 nuncupasse,
2392 1617 2512 1678 quo
2553 1597 2801 1655 militiae

612 1701 1023 1757 Romanorum
1054 1694 1122 1750 iu
1163 1693 1369 1751 Africa
1405 1694 1692 1771 magistro
1738 1698 1868 1755 sine
1911 1710 2177 1756 consorte
2206 1698 2454 1758 tandem
2482 1697 2800 1780 aliquando

615 1803 883 1858 confecta
929 1807 988 1854 et
1029 1793 1301 1851 absoluta
1334 1794 1576 1854 fuerunt
1618 1798 1846 1875 praelia
1890 1798 2162 1877 pluribus
2207 1804 2380 1859 annis
2415 1803 2802 1882 pluribusque

619 1922 758 1960 cum
782 1899 1059 1980 gentibus
1087 1895 1371 1975 variaque
1399 1896 1640 1955 fortuna
1663 1909 1831 1976 gesta
1858 1902 1923 1957 in
1949 1901 2150 1959 Africa
2166 1944 2184 1976 ,
2227 1903 2554 1959 Iustiniana
2577 1903 2799 1979 Magno

615 2006 969 2082 imperante.
1053 2007 1180 2055 erat
1203 1999 1316 2056 iste
1349 1995 1646 2059 Iohannes
1677 2002 1969 2061 Patricius
1995 2004 2188 2082 Pappi
2220 2004 2384 2061 illius
2415 2002 2626 2076 frater,
2690 2004 2798 2082 qui

612 2124 769 2163 unus
812 2104 1007 2161 fuerat
1052 2120 1132 2159 ex
1177 2111 1458 2181 quattuor
1498 2100 1839 2163 ductoribus
1880 2106 2149 2185 equitum
2198 2106 2264 2162 in
2310 2104 2471 2162 bello
2511 2100 2796 2163 adversus

610 2203 911 2266 Vandalos
935 2204 1224 2263 Belisario
1256 2202 1406 2262 duce
1436 2206 1790 2280 commiss03
1834 2215 1896 2265 et
1930 2226 2072 2264 eum
2095 2208 2420 2286 Procopius
2448 2204 2705 2263 celebrat
2728 2206 2794 2263 in

606 2308 791 2365 altero
819 2303 1102 2364 historiae
1129 2325 1273 2365 suae
1297 2306 1449 2364 libro
1483 2304 1559 2364 de
1591 2307 1751 2366 bello
1775 2305 2124 2368 Vandalica-

776 2411 910 2465 Iam
936 2426 1078 2466 vero
1105 2428 1244 2466 cum
1269 2405 1345 2466 de
1376 2409 1544 2467 libris
1570 2409 1813 2489 Corippi
1849 2408 2023 2469 editis
2051 2407 2410 2490 ineditisque
2443 2411 2586 2467 satis
2616 2406 2795 2467 dhre-

601 2512 751 2586 rim,
791 2530 954 2568 nunc
989 2509 1065 2567 de
1112 2511 1367 2590 corippo
1407 2511 1540 2589 ipso
1581 2509 1815 2592 aliquid
1858 2514 2246 2571 commentari
2281 2530 2497 2590 operae
2536 2514 2795 2590 pretium

600 2614 787 2673 foret:
843 2610 955 2672 sed
983 2614 1222 2672 nullum
1250 2615 1393 2673 novi
1420 2623 1686 2672 veterem
1714 2617 2010 2673 Graecum
2036 2615 2392 2673 Latinumve
2422 2616 2790 2694 scriptorem,

601 2717 708 2796 qui
736 2717 863 2774 eius
889 2717 1253 2774 meminerit.
1338 2717 1893 2775 commentariolum
1921 2713 1997 2774 de
2029 2736 2100 2776 eo
2128 2716 2382 2774 scribere
2402 2719 2789 2795 Dempstems

599 2819 817 2894 sategit
861 2818 1211 2894 inscriptum
1256 2815 1330 2873 de
1374 2817 1628 2894 Cor-appo
1672 2820 2010 2876 coniectura
2042 2838 2165 2876 non
2184 2817 2435 2900 obscura
2462 2839 2532 2876 ex
2556 2820 2791 2898 serapt&

600 2920 789 2998 ipsius
805 2940 825 2975 .-
870 2914 980 2976 sed
1006 2936 1221 2975 vacuas
1252 2914 1586 2976 diverberat
1612 2920 1853 2978 umbras
1866 2963 1884 2994 ,
1927 2928 1989 2977 et
2015 2918 2247 2998 fingens
2278 2921 2395 2980 sibi
2423 2931 2658 3001 captare
2687 2923 2787 2979 lu-

603 3041 736 3080 cem
766 3030 964 3099 captat
989 3019 1287 3078 tenebras.
1372 3020 1575 3101 itaque
1601 3022 1854 3081 meliora
1883 3018 2182 3104 quaedam
2211 3024 2541 3103 proferam,
2584 3026 2789 3104 paucis

601 3135 804 3182 tamen
835 3142 935 3180 me
968 3119 1308 3201 expediam.
1364 3161 1381 3174 f

773 3227 1064 3304 Corippus
1103 3222 1408 3281 dicebatur
1437 3222 1621 3282 etiam
1651 3224 1893 3285 Flavius
1922 3226 2269 3286 Cresconius
2293 3246 2400 3285 seu
2429 3228 2782 3306 crisconius,

601 3325 766 3409 quod
787 3326 1068 3386 laudatus
1092 3344 1203 3384 nos
1231 3321 1403 3383 docet
1425 3336 1597 3385 vetus
1628 3324 1822 3386 codex
1848 3347 1884 3385 a
1907 3326 2038 3387 10h.
2073 3330 2432 3408 cuspiniano
2456 3328 2663 3389 Budae
2685 3352 2785 3390 re-

599 3442 825 3509 pertus.
912 3430 1060 3488 Afer
1086 3439 1262 3506 gente
1290 3429 1439 3503 fuit,
1487 3439 1550 3487 et
1576 3441 1701 3487 arte
1729 3433 2180 3509 grammaticus,
2223 3434 2528 3512 utriusque
2564 3435 2653 3491 rei
2683 3445 2782 3492 te-

597 3542 689 3591 ste
715 3552 811 3591 ms
837 3528 1039 3590 codice
1066 3532 1298 3605 Ruizii3
1338 3551 1453 3590 nec
1476 3533 1667 3590 semel
1694 3533 1825 3611 ipse
1855 3534 2145 3614 corippus
2172 3534 2520 3592 Africanum
2551 3556 2617 3595 se
2638 3555 2782 3616 pro·-

600 3631 689 3690 dit
736 3634 802 3690 in
848 3634 972 3691 suis
987 3676 1003 3708 ,
1047 3636 1153 3714 qui
1183 3644 1529 3712 supersunt,
1571 3635 1862 3694 versibus.
1947 3637 2318 3714 grammatici
2344 3647 2545 3696 autem
2570 3641 2782 3719 appel·-

596 3736 740 3793 Iatio
783 3737 867 3793 ita
908 3746 999 3794 est
1032 3733 1378 3814 accipienda
1409 3746 1477 3794 ut
1504 3740 1702 3797 virum
1729 3736 2020 3816 significet
2048 3738 2115 3793 in
2144 3733 2395 3796 dicendo
2434 3740 2782 3799 scribendo-

596 3856 715 3918 que
759 3838 1134 3916 praeclarum
1150 3882 1168 3914 ‚
1230 3840 1438 3919 quales
1485 3840 1727 3899 fuerunt
1767 3857 2023 3921 quorum
2061 3839 2414 3896 memoriam
2450 3842 2778 3919 posteritati

594 3937 906 3998 mandavit
936 3940 1256 4000 Suetonius
1285 3942 1351 3998 in
1377 3961 1554 4019 opere
1582 3941 1659 4000 de
1681 3941 1864 3999 claris
1883 3942 2316 4021 grammaticis.

763 4042 944 4101 Senio
989 4044 1115 4100 iam
1151 4043 1347 4102 fessus
1386 4042 1461 4100 de
1503 4041 1789 4101 laudibus
1819 4042 2042 4101 Iactini
2073 4040 2352 4119 Augusti
2371 4040 2635 4098 Mamm
2657 4041 2780 4099 Co·-

594 4145 802 4225 rippus
848 4145 1112 4224 scripsit,
1170 4164 1309 4203 cum
1348 4145 1474 4203 iam
1512 4144 1782 4221 pluribus
1807 4145 1977 4202 libris
2004 4144 2335 4221 scripsisset
2362 4142 2438 4200 de
2466 4140 2640 4201 bellis
2659 4143 2784 4201 Lt-

596 4246 778 4326 bycis.
870 4247 946 4306 de
987 4257 1238 4326 utraque
1280 4267 1344 4306 re
1389 4247 1796 4306 testimonium
1841 4256 2069 4305 certum
2096 4247 2226 4325 ipse
2252 4241 2556 4325 perhibet3
2600 4255 2661 4304 et
2696 4263 2777 4305 ex

594 4352 930 4411 coniectura
969 4345 1249 4409 adiiciam
1283 4350 1587 4430 scripsisse
1627 4345 1703 4408 de
1737 4348 1913 4409 bellis
1956 4349 2197 4432 Libycis
2234 4359 2374 4411 ante
2412 4367 2601 4410 annos
2640 4349 2779 4428 plus
