3210 5200
994 419 1518 494 loHANmnos
1569 419 1726 491 BIB-
1775 418 1893 485 Ἦ.
2389 378 2534 497 1'35

355 585 478 653 235
521 594 850 664 cunctaque
879 582 1176 664 disponit,·
1220 605 1358 644 cura
1389 585 1542 643 bene
1571 590 1775 642 cautus
1802 584 1865 643 in
1894 583 2079 643 omni.

604 688 1149 765 Plaustragemtmt
1176 697 1413 745 onerata
1438 690 1582 762 viis,
1628 688 1881 765 altisque
1915 686 2158 743 camelis

521 790 713 845 fervet
742 791 888 863 iter3
930 792 1177 849 Ferrum
1213 792 1544 845 resonantia
1578 790 1837 846 concutit
1866 806 2025 845 aera.

524 893 724 947 omnia
752 911 860 968 per
887 893 1036 949 latos
1066 900 1409 950 convectant
1436 888 1647 948 horrea
1679 908 1920 966 campos
1939 932 1957 962 ,

526 1012 809 1072 annaque
834 993 1023 1049 multa
1050 993 1193 1049 viris
1216 1011 1382 1050 more
1411 990 1804 1071 expendenda
1834 992 2087 1049 Latinis·

362 1091 487 1157 240
529 1095 765 1173 iamque
798 1091 975 1150 duces
1008 1090 1145 1151 hinc
1174 1091 1316 1150 inde
1349 1105 1528 1152 ruunt
1560 1094 1857 1173 fortesque
1885 1092 2139 1165 tribuni,

533 1197 918 1274 victricesque
946 1195 1145 1259 ferunt
1170 1196 1421 1275 aquilas,
1467 1207 1643 1277 atque
1675 1198 1911 1273 agmina
1945 1194 2215 1253 densant.

610 1298 866 1365 Mittitur
890 1307 948 1369 et
975 1297 1183 1355 sollers
1210 1299 1479 1374 geminas
1514 1316 1863 1375 componere
1893 1308 2089 1375 partes

527 1394 926 1476 stephanides
952 1399 1220 1470 iuvenis,
1265 1396 1516 1456 discreta
1545 1409 1768 1473 mente,
1812 1396 2130 1457 Iohannes.

525 1519 784 1580 namque
812 1501 968 1556 inter
996 1518 1125 1556 sese
1159 1496 1292 1556 duri
1316 1502 1442 1557 iam
1468 1504 1695 1559 semina
1721 1501 1867 1559 belli

361 1598 485 1663 245
527 1620 738 1659 saevus
760 1597 1028 1665 Ifisdaias
1061 1610 1120 1657 et
1147 1598 1300 1670 fidus
1330 1602 1544 1659 Cusiua
1576 1602 1764 1661 functi

528 1712 668 1760 tunc
701 1699 964 1776 habuere
994 1699 1170 1760 odiis.
1254 1701 1481 1760 bellum
1505 1705 1627 1760 iam
1658 1702 1831 1761 corda
1859 1686 2128 1761 futurum

529 1812 801 1883 coeperat
830 1802 1059 1862 alterno
1090 1801 1446 1863 succendere
1476 1806 1728 1862 barbara
1751 1814 1940 1877 motu,

526 1904 753 1964 invidia
777 1906 1118 1982 geminante
1144 1906 1286 1963 iras.
1369 1903 1531 1965 hunc
1559 1927 1698 1985 ergo
1727 1909 2013 1985 magister

528 2007 683 2064 inter
706 2015 1023 2086 utrumque
1052 2007 1219 2065 iubet
1250 2008 1549 2087 placidam
1582 2029 1932 2088 componere
1961 2028 2168 2087 pacem

364 2104 490 2169 250
531 2117 590 2163 et
614 2106 821 2165 sedare
839 2110 1008 2172 „viros
1032 2110 1310 2188 ipsasque
1346 2129 1641 2169 arcessere
1667 2122 1874 2189 gentes

528 2209 789 2267 subsidio
822 2229 1039 2275 rerum.
1122 2229 1235 2267 neo
1260 2207 1435 2270 duras
1460 2212 1693 2270 ssectere
1719 2222 1948 2270 mentes

531 2322 632 2368 aut
657 2314 887 2368 animos
925 2311 1077 2373 alius
1104 2322 1306 2388 posset
1328 2313 1564 2390 placare
1596 2314 1846 2372 feroceS.

528 2410 628 2470 hic
654 2423 882 2491 poterat
918 2409 1152 2470 rabidas
1180 2413 1377 2472 verbis
1402 2433 1815 2473 mansuescere
1849 2415 2034 2490 tigres

532 2524 708 2594 atque
737 2516 894 2574 seros
922 2516 1086 2573 facili
1110 2516 1381 2573 mulcens
1408 2536 1679 2573 sermone
1708 2515 1910 2572 leones

361 2617 489 2683 256
529 2629 983 2698 serpenttnnque
1011 2616 1241 2675 malum
1269 2616 1449 2677 dictis·
1466 2638 1663 2675 arcere
1686 2635 2003 2688 venenum.

532 2718 762 2786 distulit
784 2722 889 2778 ille
914 2730 1117 2779 tamen
1147 2719 1373 2777 alterna
1405 2731 1569 2798 parte
1597 2720 1892 2792 furente8‚

531 2825 993 2903 compressitque
1018 2823 1222 2896 nefas,
1267 2831 1326 2881 et
1352 2832 1589 2900 pactum
1615 2820 1892 2899 gentibus
1918 2819 2084 2876 auxit

530 2935 654 2982 arte
678 2944 853 2983 nova.
940 2944 1086 3004 quos
1114 2944 1291 3003 saepe
1318 2934 1545 2998 metus,
1593 2942 1742 3003 quos
1770 2923 1874 2979 ille
1899 2920 2129 2979 labores

530 3027 686 3085 inter
709 3038 1027 3106 utrumque
1058 3028 1193 3085 tulit
1212 3070 1227 3101 ,
1285 3036 1479 3085 tantas
1509 3024 1655 3084 dum
1685 3026 1942 3083 flecteret
1973 3019 2122 3082 iras!

360 3130 490 3192 260
527 3148 633 3207 pro
661 3133 851 3208 patria
880 3130 1056 3187 libuit
1085 3139 1175 3188 tot
1201 3146 1376 3185 saeva
1400 3129 1662 3206 pericula
1693 3130 1870 3186 ferre.

531 3233 860 3309 composuit
888 3241 1113 3309 gentes,
1154 3232 1489 3310 pariterque
1516 3228 1592 3298 ad
1616 3231 1841 3308 proelia
1868 3228 2076 3287 movit.

615 3334 907 3394 Convenit
930 3353 1069 3411 ergo
1100 3334 1392 3407 fremens,
1436 3334 1615 3390 variis
1648 3341 1887 3389 ornatus
1908 3333 1970 3387 in
1998 3328 2177 3385 armis
2196 3369 2215 3401 ‚

532 3434 991 3516 innumerasque
1020 3437 1179 3495 acies
1205 3437 1548 3492 Maurorum
1575 3436 1639 3490 iu
1670 3433 1894 3511 proelia
1924 3429 2130 3520 ductor

452 3610 469 3619 Α
534 3537 750 3595 Cusina
774 3535 930 3595 fidus
959 3538 1104 3614 agit.
1190 3537 1501 3593 commotis
1528 3537 1728 3593 omnia
1761 3534 1963 3591 cannis

360 3636 490 3702 265
533 3658 672 3696 arva
702 3649 981 3718 gemunt:
1022 3636 1281 3697 solidant
1309 3638 1462 3695 latos
1489 3638 1739 3713 vestigia
1770 3654 2031 3714 campos-

534 3740 637 3796 ille
670 3739 849 3798 duces
878 3742 1144 3819 proprios
1169 3742 1409 3818 triginta
1436 3741 1645 3798 sortior
1671 3747 1893 3812 armat;

535 3853 595 3899 et
620 3845 889 3922 quamvis
916 3862 1164 3901 numero
1190 3844 1423 3901 milleni
1451 3861 1749 3923 quemque
1778 3847 2134 3918 sequantur,

533 3944 815 4001 Romanis
840 3943 1061 4020 gaudet
1088 3964 1216 4002 sese
1249 3955 1450 4003 tamen
1482 3965 1611 4003 esse
1642 3945 1995 4022 magistrum

534 4047 824 4105 militibus
848 4044 1147 4122 medium,
1191 4067 1340 4127 quos
1368 4050 1641 4126 princeps
1667 4048 1969 4131 maximus
2001 4042 2158 4101 orbis

359 4225 469 4279 235
504 4224 552 4277 in
576 4229 698 4281 add.
720 4230 787 4282 M
919 4231 1023 4284 236
1057 4232 1303 4283 honorata
1325 4229 1419 4281 uiis
1441 4229 1553 4282 altis
1581 4231 1631 4281 Τ
1762 4230 1861 4284 245
1886 4227 2072 4282 functis
2100 4228 2149 4281 '1'
2279 4220 2382 4277 264
2404 4233 2560 4269 com·-

356 4294 565 4348 “stum-1⁸
594 4300 758 4356 onmia
792 4299 965 4353 cannis
1002 4301 1075 4368 Τ,
1122 4299 1470 4363 comitantibus
1510 4297 1674 4352 omnia
1708 4300 1865 4352 carris
1900 4300 1960 4351 M
1970 4318 1987 4351 .-
2039 4299 2105 4354 cf.
2140 4296 2174 4349 6
2210 4292 2306 4359 65,
2356 4292 2390 4343 7
2433 4293 2549 4344 124.

353 4364 471 4417 268
502 4365 739 4434 magister
765 4368 825 4420 Τ.
