3210 5200
1027 429 1557 500 IOHANNIDOS
1609 434 1767 501 LIB.
1816 435 1899 501 11.
2468 440 2564 508 55

363 602 490 667 360
528 594 628 657 his
650 596 898 656 monitis
924 599 1143 658 nostris
1170 617 1343 659 aures
1375 598 1673 659 contunde
1706 601 2012 681 superbas.

533 699 682 758 dum
708 710 921 777 gentes
950 710 1227 779 peccant,
1277 703 1470 781 pietas
1498 706 1767 762 Romana
1797 705 2064 780 remittit,

534 811 871 882 cunctaque
901 800 1114 860 deletis
1146 802 1329 861 donat
1359 803 1576 863 delicta
1604 806 1862 864 libellis:

532 903 784 987 perdere
813 924 935 963 non
964 916 1241 984 properat
1268 924 1688 987 quamcunque
1717 909 1783 965 in
1807 908 2038 986 proelia
2069 916 2339 988 gentem,

533 1009 879 1086 paeniteant
906 1008 958 1064 si
983 1006 1145 1065 bella
1173 1017 1406 1083 tamen,
1453 1011 1504 1067 si
1533 1006 1778 1067 foedera
1804 1028 2005 1066 rerum

364 1106 492 1174 365
534 1109 787 1167 subiecti
822 1109 1182 1188 veniamque
1208 1111 1324 1168 sibi
1350 1130 1681 1191 pacemque
1713 1113 2040 1191 requirant.

536 1210 645 1270 sed
674 1213 952 1290 princeps
982 1213 1305 1270 clementer
1332 1231 1517 1291 agens
1544 1211 1696 1271 haec
1726 1215 1927 1272 omnia
1960 1214 2193 1273 mavult

534 1333 667 1372 esse
694 1332 802 1371 sua
819 1357 836 1388 ‚
880 1322 949 1371 ut
977 1324 1217 1372 cunctos
1246 1316 1554 1396 salvetque
1584 1314 1924 1396 habeatque
1955 1326 2259 1396 regatque,

534 1414 832 1474 subiectos
861 1417 1133 1475 relevans
1149 1457 1166 1491 ,
1206 1418 1489 1497 frangens
1512 1421 1731 1477 virtute
1758 1419 2067 1497 superbos.

534 1535 656 1575 non
682 1527 783 1575 tua
813 1520 1101 1578 sollicitus
1129 1529 1332 1577 teneat
1358 1517 1539 1579 modo
1565 1531 1808 1607 pectora
1838 1531 2047 1596 terror,

366 1620 494 1684 370
533 1622 790 1698 peccatis
824 1622 1101 1680 obstricta
1128 1624 1282 1680 tuis:
1323 1641 1585 1702 namque
1618 1624 1818 1681 omnia
1847 1634 2116 1702 prosunt,

536 1723 589 1778 si
616 1718 856 1797 redeas,
898 1725 1260 1803 veniamque
1289 1724 1400 1782 tibi
1425 1745 1757 1806 pacemque
1787 1725 2059 1783 volentes

532 1824 690 1881 ultro
716 1822 951 1885 damus,
1036 1825 1296 1902 discent,
1340 1847 1492 1908 quae
1528 1831 1604 1887 sit
1636 1832 1906 1887 Romana
1934 1837 2216 1904 potestas,

533 1935 622 1985 tot
651 1923 860 2006 populi
878 1973 895 2001 ‚
941 1938 999 1985 et
1029 1948 1182 2008 quae
1211 1932 1287 1987 sit
1314 1934 1505 2010 pietas
1535 1934 1845 2010 virtusque
1876 1927 2145 2007 regendi.

538 2049 691 2111 quae
718 2032 1005 2088 miserum
1028 2031 1261 2089 fortuna
1292 2030 1498 2090 tenet?
1585 2045 1862 2092 nosterne
1889 2031 2086 2090 fidelis

368 2133 491 2198 3⁴75
533 2154 771 2213 semper
799 2153 960 2208 eras,
1004 2137 1222 2193 nostris
1252 2137 1462 2194 solitus
1493 2134 1755 2214 gaudere
1788 2132 2129 2213 tritunp1133‚

538 2247 681 2294 tunc
710 2237 865 2294 bene
893 2233 1237 2295 subiectus?
1322 2257 1476 2318 quae
1504 2249 1566 2297 te
1590 2239 1752 2296 mala
1775 2238 1899 2295 fata
1928 2238 2251 2316 superbum

535 2338 613 2397 ad
639 2341 769 2397 fera
795 2338 956 2396 bella
984 2336 1273 2398 trahunt?
1357 2341 1604 2401 tandem
1628 2345 1756 2399 iam
1781 2338 1989 2398 desere
2018 2341 2173 2397 sacta

535 2441 807 2501 turbidus
834 2444 900 2499 in
925 2443 1163 2500 miseris
1189 2461 1343 2523 quae
1366 2463 1611 2503 exerces
1638 2442 1829 2502 tristia
1855 2444 2049 2499 terrIs.

536 2543 683 2625 quid
710 2547 879 2603 iuvat
896 2589 912 2620 ,
957 2544 1206 2620 infelix,
1252 2548 1522 2605 Romana
1550 2547 1841 2605 lacessere
1868 2540 2089 2622 signa?

372 2650 494 2711 380
535 2647 756 2728 quidve
786 2667 961 2727 paras
989 2651 1243 2707 miseros
1271 2658 1437 2708 tanta
1459 2652 1680 2709 iactare
1708 2643 1924 2705 ruina‘l

532 2753 772 2810 vincere
796 2770 1014 2829 nempe
1042 2760 1218 2830 putas
1247 2770 1629 2833 quascunque
1658 2751 1724 2807 in
1751 2747 1988 2808 saecula
2021 2756 2228 2825 gentes

533 2855 834 2912 Romanas
858 2863 926 2911 tu
952 2873 1127 2931 posse
1157 2871 1395 2911 manus.
1481 2873 1593 2912 nos
1615 2850 1894 2910 Parthica
1926 2870 2128 2929 regna,

536 2974 646 3014 nos
676 2958 899 3015 Alanos
926 2959 1178 3014 Hmmos
1208 2957 1586 3036 Francosque
1620 2957 1919 3035 Getasque
1943 2944 2293 3029 domamu33

539 3078 809 3139 quaeque
838 3059 950 3116 sub
985 3056 1263 3117 aethereo
1286 3060 1480 3117 latum
1509 3069 1873 3138 sparguntur
1895 3060 1961 3115 in
1992 3059 2199 3115 orbem

370 3158 497 3226 385
538 3181 652 3219 axe
676 3163 841 3219 ferae
869 3171 1077 3240 gentes
1095 3207 1112 3237 ‚
1156 3163 1376 3221 nostris
1403 3163 1775 3220 famulantur
1799 3163 1864 3219 in
1894 3161 2068 3236 nulia,

534 3266 803 3344 priucipe
834 3264 1064 3344 subque
1090 3265 1193 3342 pio
1226 3265 1369 3322 laeti
1386 3309 1402 3338 ,
1448 3266 1573 3321 iam
1601 3266 1794 3320 Marte
1823 3263 2050 3337 relicto,

540 3369 703 3425 iussa
730 3367 931 3423 ferunt
960 3369 1250 3447 suavique
1275 3369 1418 3446 iugo
1449 3385 1557 3425 sua
1582 3366 1734 3423 colia
1761 3365 2092 3422 reflectunt.

542 3472 776 3549 suscipe
807 3467 964 3526 dicta
993 3470 1175 3542 citus,
1221 3470 1458 3528 salvans
1486 3477 1815 3547 gentesque
1843 3476 2125 3546 tuosque.

543 3592 661 3632 non
697 3574 864 3632 velut
894 3573 1170 3631 imbelles
1201 3583 1437 3632 nostrae
1465 3568 1751 3629 mandata
1779 3568 1987 3625 salutis

372 3678 500 3741 390
540 3678 861 3750 mittimus,
906 3685 1010 3733 aut
1039 3676 1306 3753 fugimus
1335 3694 1567 3754 pugnas
1597 3688 1928 3752 pacemque
1962 3685 2264 3744 rogamus·

545 3782 793 3858 captivis
822 3781 1109 3859 vobisque
1138 3781 1314 3837 timet
1336 3788 1688 3857 vestraeque
1717 3770 1898 3831 saluti

544 3885 914 3962 prospiciens
948 3884 1185 3940 miseris
1218 3885 1441 3960 pietas,
1487 3897 1643 3959 quae
1677 3875 1940 3935 continet
1971 3870 2202 3929 orbem.

542 3982 694 4042 haec
721 3983 873 4042 mihi
901 4005 1122 4064 magna
1152 3986 1319 4043 iubet
1344 3982 1622 4063 perituris
1652 3996 1894 4058 parcere
1926 3975 2166 4049 castris;

544 4098 787 4167 propter
812 4092 1076 4167 captivos
1102 4090 1342 4147 veniam
1371 4083 1594 4144 donare
1623 4080 1851 4141 licebit.

365 4270 480 4324 360
510 4268 595 4321 hic
614 4270 834 4325 monitus
863 4272 913 4323 T
1065 4272 1167 4326 361
1202 4270 1384 4325 malim
1411 4285 1542 4323 cum.
1705 4263 1811 4321 364
1844 4259 2107 4333 poeniteat
2128 4258 2192 4313 M
2344 4258 2449 4310 370
2483 4254 2577 4307 ob-

361 4337 558 4475 attssct'le'
579 4342 630 4393 Τ
856 4340 961 4396 377
996 4340 1175 4395 affera'
1190 4344 1239 4396 T
1462 4337 1567 4393 383
1601 4353 1696 4391 nos
1717 4335 1855 4389 latos
1877 4347 2052 4386 urmes
2071 4330 2121 4383 Τ
2346 4327 2448 4378 386
2481 4323 2578 4377 sub
