3210 5200
744 407 896 485 424
1368 408 1649 482 NOTAE
1698 406 1789 473 IN
1836 405 2163 474 LIBRUM
2209 407 2310 471 ΙΙΙ

749 587 832 634 m
858 577 924 632 in
949 573 1150 643 rebus,
1179 589 1300 629 non
1327 571 1612 646 accepere.
1643 570 1942 627 Dsnrsr.
2023 580 2264 649 agones
2290 572 2357 626 in
2382 570 2556 628 rebus
2573 567 2917 632 dicebantur

747 671 808 718 et
839 656 1274 738 magistet-ian&
1317 652 1479 734 quod
1501 674 1581 711 ex
1602 654 1868 712 Novellis
1894 663 2052 712 recte
2080 656 2303 713 notavit
2319 655 2593 714 Cuiacius
2621 654 2698 714 ad
2724 658 2818 713 tit.
2834 660 2916 720 20

748 745 854 803 lib.
885 745 965 805 12
995 739 1143 800 cod.
1187 737 1340 796 adde
1366 739 1773 798 auctoritatem
1795 749 1913 797 vet.
1948 739 2249 814 Gtomrii,
2293 740 2398 797 ubi
2421 740 2513 798 bis
2539 741 2706 818 legas
2732 760 2916 818 agene

744 831 813 886 in
847 824 1022 885 rebus
1060 817 1510 906 μαγιστριανόςς
1567 833 1628 880 et
1661 825 1925 883 fortassis
1969 822 2409 882 rescribendum
2445 819 2914 904 μαγιστεριανός,

746 932 867 972 una
892 911 1120 990 syllaba
1149 910 1397 966 auctius.
1480 909 1566 966 sic
1577 908 1828 966 Novella
1851 910 1933 971 86
1953 910 2218 967 Iulianus
2241 910 2732 986 magister-ianam
2752 911 2910 986 peri-

746 998 975 1055 tissime
1014 998 1430 1072 interpretatur
1457 1004 1733 1071 agentem
1756 995 1823 1049 in
1849 989 2052 1068 rebus,
2106 994 2391 1070 probante
2426 991 2651 1050 ibidem
2679 995 2908 1051 (huncio

747 1084 815 1140 in
839 1080 956 1138 fine
984 1078 1372 1158 expositionis
1400 1096 1564 1135 suae.
1652 1076 1728 1138 de
1753 1077 1946 1135 officio
1974 1097 2181 1135 eorum
2207 1076 2346 1136 vide
2391 1075 2453 1135 d.
2485 1087 2531 1137 ι.
2563 1080 2665 1150 0.,
2724 1088 2786 1135 et
2821 1080 2909 1135 tit.

748 1184 878 1244 seq.
905 1164 977 1221 de
994 1161 1378 1243 principibm
1401 1172 1674 1241 agmutem
1705 1164 1772 1219 in
1796 1159 1990 1238 rebus.
2081 1159 2156 1220 de
2200 1160 2316 1221 hoc
2357 1180 2572 1240 genere
2601 1160 2910 1220 hominum

750 1253 968 1311 scitum
1002 1260 1091 1307 est
1116 1244 1270 1305 illud
1304 1247 1523 1305 Iuliani
1558 1249 1962 1324 imperatoris.
1946 1263 1965 1279 ·
2015 1267 2248 1324 rapere,
2289 1267 2411 1305 non
2435 1248 2700 1324 acceptu-e
2721 1249 2914 1304 sciunt

748 1345 990 1414 agentes
1018 1336 1086 1392 in
1109 1330 1308 1404 rebus‚'·
1372 1328 1534 1412 quod
1560 1329 2003 1429 apophtheg-ma
2026 1332 2132 1389 ille
2156 1333 2469 1409 protulisse
2493 1329 2711 1390 dicitur
2736 1330 2909 1389 indu-

749 1422 862 1479 ctis
906 1416 1167 1499 quadam
1209 1417 1583 1475 solemnitate
1618 1417 1973 1494 agentibus
1955 1434 2020 1471 ιιι
2052 1417 2273 1474 rebus
2253 1436 2318 1474 ιιι
2349 1419 2790 1488 consistorium,
2844 1425 2908 1471 ut

744 1523 959 1563 aurum
992 1506 1341 1581 acciperent,
1371 1521 1511 1559 cum
1530 1499 1776 1560 vidisset
1799 1496 2098 1580 quendam
2120 1521 2200 1558 ex
2226 1520 2428 1559 eorum
2453 1503 2746 1560 consortio
2769 1519 2902 1572 non,

746 1599 816 1647 ut
842 1591 1024 1647 moris
1050 1597 1196 1661 erat,
1230 1605 1495 1665 expansa
1524 1583 1839 1666 chlamyde
1865 1583 1973 1643 sed
1998 1596 2245 1667 utraque
2271 1605 2455 1644 manu
2480 1596 2688 1645 cavata
2713 1604 2905 1644 susce·

747 1675 929 1752 pisse.
1013 1693 1072 1732 v.
1103 1675 1304 1729 Amm.
1330 1672 1595 1728 Marcell.
1639 1673 1734 1734 10.
1818 1673 2004 1728 Rrrr.
2169 1713 2176 1718 .

921 1760 1060 1819 162.
1144 1755 1460 1834 magiam]
1505 1758 1557 1814 is
1580 1766 1707 1813 erat
1732 1752 1812 1812 ad
1837 1773 2018 1833 quem
2048 1752 2357 1831 disciplina
2383 1773 2622 1812 morum
2653 1756 2717 1811 in
2743 1752 2908 1832 pala-

750 1842 835 1898 tio
868 1839 1217 1917 pertinebat,
1261 1841 1433 1917 quasi
1461 1838 1722 1897 iudicem
1746 1850 1805 1897 et
1828 1841 2177 1916 magistrum
2205 1839 2536 1897 officiorum
2568 1840 2907 1911 aulicorum,

752 1926 962 2004 quales
987 1933 1125 1981 sunt
1153 1922 1512 1980 cubicularia·
1538 1923 1645 1980 lib.
1678 1927 1717 1986 8
1750 1924 1816 1981 G.
1862 1922 1936 1981 de
1971 1942 2244 2001 praepos.
2281 1942 2430 1982 sacr.
2478 1924 2612 1982 cub.
2653 1933 2911 1980 castr-em

750 2007 1474 2066 aianietministerianil.
1502 2010 1541 2068 3
1574 2004 1706 2068 et4
1748 2008 1817 2064 C.
1836 2018 1919 2066 et
1951 2009 2177 2065 minist.
2218 2009 2535 2065 silentiar-12
2575 2008 2616 2064 l.
2646 2007 2686 2069 4
2725 2008 2790 2064 C.
2832 2005 2907 2064 de

752 2093 950 2151 silent.
977 2092 1259 2150 decanil.
1290 2095 1332 2155 2
1365 2091 1433 2149 C.
1459 2090 1534 2149 de
1568 2087 1732 2165 dec.,
1801 2092 1905 2171 qui
1937 2110 2145 2150 omnes
2185 2093 2471 2172 obsequio
2499 2103 2560 2150 et
2587 2093 2902 2150 ministerio

754 2179 1037 2258 principis
1065 2175 1253 2234 dediti
1278 2186 1463 2233 erant.
1548 2174 1806 2255 denique
1830 2177 2111 2254 magister
2145 2177 2471 2253 officiorum
2513 2188 2599 2235 est
2622 2178 2902 2253 magister

750 2284 877 2324 των
919 2261 987 2324 ἐν
1022 2265 1101 2347 τῇ
1141 2254 1301 2345 αυλῇ
1334 2258 1590 2336 ταξὲων,
1645 2262 1743 2318 vel
1769 2271 1835 2318 ιιι
1860 2259 2218 2319 Theocritus
2247 2264 2361 2336 ait,
2421 2258 2750 2341 ηγούμινος
2783 2263 2906 2322 πᾶν

754 2347 1089 2427 βασιλείων.
1128 2345 1267 2403 vide
1290 2347 1491 2404 Cuiac.
1517 2347 1581 2403 in
1608 2354 1800 2424 parat.
1823 2346 1889 2403 C.
1920 2345 1997 2402 ad
2020 2348 2113 2403 tit.
2148 2342 2222 2402 de
2249 2347 2407 2404 offic.
2436 2366 2600 2424 mag.
2628 2343 2730 2404 off.
2771 2343 2909 2403 huic

754 2432 1015 2489 similem
1050 2432 1363 2488 arbitratur
1399 2450 1538 2487 eum
1577 2433 1684 2509 qui
1714 2432 1779 2487 in
1820 2430 2027 2488 Galliis
2059 2431 2303 2506 premet
2335 2431 2410 2489 de
2437 2431 2483 2487 l'
2505 2431 2722 2500 hostel,
2765 2428 2824 2489 h.
2853 2451 2909 2489 e.

752 2536 936 2598 quem
950 2516 1129 2594 vulgo
1133 2515 1508 2593 praefectum
1524 2514 1731 2585 aulae,
1745 2515 1859 2572 den
1870 2513 2260 2592 Ilqsmeistem
2275 2517 2713 2594 appellitamus.
2730 2518 2907 2575 Βιττ.

921 2605 1058 2665 162.
1142 2600 1378 2679 singula
1404 2599 1596 2659 officia
1626 2602 1888 2701 palatina
1910 2596 2207 2657 habebant
2222 2604 2530 2679 primates
2533 2613 2596 2659 et
2617 2602 2909 2679 principes

745 2706 903 2758 suos,
946 2685 1052 2745 sed
1077 2696 1381 2764 praeterea
1403 2687 1695 2744 universis
1730 2695 1998 2764 praeerat
2021 2686 2320 2763 magister.
2408 2696 2580 2746 vetus
2608 2687 2906 2763 inscriptio

742 2729 903 2849 apud
951 2773 1118 2828 Grut.
1161 2770 1283 2833 406
1334 2777 1401 2830 1.
1469 2771 1982 2828 FL.EUGEN10
2033 2771 2106 2827 V.
2162 2770 2227 2827 C.
2283 2772 2395 2828 Ex
2449 2771 2908 2828 PRAEFECTO

740 2856 1186 2914 PRAETORIO
1228 2855 1554 2913 consum
1582 2857 2003 2915 ORDINARIO
2030 2854 2477 2914 DESIGNATO
2507 2856 2908 2914 MAGISTRO

740 2939 1210 2998 OFFICIORUM
1244 2940 1573 2997 OMNIUM.
1660 2950 1721 2998 et
1755 2941 1859 3020 qui
1881 2936 2042 2997 hunc
2071 2941 2482 3016 magistratum
2510 2940 2784 3017 gerebat,
2833 2957 2908 2997 ex

738 3023 877 3080 alio
872 3019 1085 3100 lapide
1113 3019 1275 3099 apud
1304 3022 1472 3079 Gmt.
1506 3042 1569 3099 p.
1599 3022 1723 3085 599
1760 3028 1799 3085 6
1834 3023 2068 3081 videtur
2091 3026 2272 3081 etiam
2297 3022 2490 3082 dictus
2511 3026 2791 3102 princeps
2813 3024 2910 3101 of-

714 3108 1011 3183 fidorum
1039 3104 1461 3181 imperialium.-
1503 3106 1797 3165 NERITO
1828 3107 1994 3168 DIVI
2018 3108 2304 3167 CLAUDI
2338 3110 2676 3167 PRINCIPI
2706 3109 2908 3168 omu-

638 3254 641 3258 Α
737 3193 845 3250 cll
888 3192 1153 3250 IMPER.
1218 3189 1434 3247 ..Foco

910 3277 1052 3337 163.
1135 3274 1331 3351 officia
1386 3283 1445 3331 et
1487 3268 1588 3331 hio
1639 3284 1702 3332 et
1736 3274 1893 3333 infra
1930 3274 2245 3357 aliquoties
2288 3278 2489 3356 posuit
2526 3295 2640 3355 per
2673 3285 2907 3356 tropum

736 3358 1138 3437 metonymiae
1168 3377 1277 3436 pro
1304 3358 1452 3434 ipsis
1474 3358 1814 3418 Ιιοηιίηἰόιιε
1836 3362 2137 3438 offlam-iah
2173 3381 2280 3419 seu
2318 3362 2515 3439 officia
2539 3360 2897 3439 gomedus.

743 3445 836 3505 sic
859 3443 1187 3501 custodiam
1224 3444 1610 3503 iureconsulti
1646 3464 1824 3524 saepe
1859 3458 2070 3505 vocant
2115 3449 2314 3524 ipsum
2352 3444 2660 3506 hominem
2703 3449 2807 3525 qui
2840 3447 2906 3507 in

743 3528 1012 3589 custodia
1039 3531 1165 3589 sive
1188 3530 1442 3589 vinculis
1469 3527 1742 3589 habetur.
1828 3531 1872 3588 1.
1899 3533 1981 3595 28
2006 3525 2084 3609 §⁶
2064 3549 2130 3587 ιιι
2152 3530 2480 3604 exsulibus,
2521 3529 2586 3587 ff.
2617 3526 2695 3588 de
2712 3548 2904 3608 poena

740 3615 788 3673 1.
819 3616 900 3677 12
929 3613 1004 3673 de
1031 3625 1180 3673 cust.
1207 3624 1266 3672 et
1291 3612 1497 3673 exhib.
1521 3632 1676 3672 reor.
1715 3614 1881 3673 alibi.
1964 3616 2050 3674 sic
2074 3632 2223 3673 mox
2251 3635 2310 3673 v.
2343 3617 2466 3681 165
2491 3616 2703 3694 ingene
2728 3634 2903 3672 αω-

744 3697 930 3770 Ιιὶιιω,
972 3709 1033 3757 et
1058 3697 1099 3762 4
1126 3698 1269 3774 241,
1315 3697 1590 3758 dicuntur
1615 3701 1790 3757 multi
1815 3700 2207 3758 excubitores.
2288 3701 2480 3759 Rrrr.

914 3787 1055 3849 169.
1137 3802 1355 3862 magna
1391 3786 1546 3841 inter
1581 3782 1785 3843 doctos
1828 3782 2114 3843 dissensio
2158 3782 2233 3841 de
2258 3782 2439 3843 modo
2471 3780 2736 3862 gestandi
2759 3781 2896 3860 gla-

739 3865 873 3927 dios
917 3884 1090 3927 suos:
1145 3888 1288 3926 nam
1316 3871 1558 3928 Homer.
1602 3867 1777 3927 Iliad.
1809 3873 1884 3932 2·
1942 3863 2102 3949 ἀμφὶ
2139 3862 2205 3931 δ’
2247 3862 2355 3950 αρ’
2402 3863 2652 3949 &poton
2687 3862 2903 3947 βάλετο

736 3952 918 4030 ξίφος
960 3946 1353 4034 ἀργυρόηλον.
1436 3972 1678 4012 concors
1718 3954 1996 4031 Virgilius
2038 3956 2189 4011 Aen.
2219 3957 2298 4018 8.
2339 3965 2469 4011 mm
2506 3954 2686 4011 lateri
2722 3962 2904 4030 atque

736 4037 998 4095 humet-12⁹
1048 4040 1371 4116 Tegeaeum
1413 4036 1683 4117 subligat
1718 4058 1929 4095 ensem.
2019 4048 2080 4096 et
2116 4040 2268 4096 Aen.
2310 4042 2386 4101 9:
2445 4037 2690 4097 humero
2721 4035 2908 4095 eumd

666 4149 673 4155 «
736 4125 898 4180 exuit
924 4143 1119 4182 ensem
1136 4134 1441 4181 auratum.
1488 4133 1689 4181 tamen
1717 4124 1995 4182 existimo
2018 4124 2316 4182 Romanos
2340 4119 2418 4180 ad
2444 4123 2619 4197 latus,
2651 4132 2718 4180 ut
2743 4140 2905 4179 nunc

731 4207 818 4282 fit,
862 4228 1032 4268 enses
1057 4217 1340 4286 gestasse,
1379 4228 1505 4267 non
1533 4227 1569 4265 a
1591 4208 1745 4266 collo
1775 4218 1876 4265 aut
1902 4206 2149 4266 humero
2176 4225 2494 4286 suspensos
2509 4249 2527 4281 ,
2569 4217 2636 4267 ut
2664 4205 2904 4265 heroico

731 4310 900 4352 aevo.
984 4291 1059 4350 de
1102 4301 1297 4351 statua
1332 4294 1596 4372 equestri
1634 4294 1959 4367 Domitiani
1999 4294 2285 4371 principis
2321 4293 2533 4370 Papin.
2562 4292 2715 4351 silv.
2745 4292 2778 4353 1
2830 4295 2862 4354 1
2884 4306 2904 4347 ι

729 4377 783 4434 ic
814 4376 1572 4459 &godemissachlamyfi
1616 4376 2463 4457 lammequietoseeumm.
2516 4374 2909 4436 dixitmaxi-
