3210 5200
891 435 1209 506 msTINI
1259 435 1619 507 MINORIS
1669 439 1828 506 Lm.
1875 439 1988 510 lv.

515 604 644 683 ipse
675 614 876 665 autem
904 606 1111 664 consul
1137 625 1303 663 sacro
1327 603 1664 663 diademate
1689 607 1946 683 fulgens,

514 718 753 765 ornatus
777 710 1012 784 trabea,
1052 710 1424 787 gemmisque
1463 718 1741 787 ostroque
1771 709 2016 780 nitebat,

348 807 469 871 245
512 831 614 866 ore
639 809 1021 891 humerisque
1047 821 1285 888 patens3
1344 820 1401 867 et
1428 811 1578 867 sacri
1604 811 1848 868 ltuniuis
1881 812 2067 868 instar

511 913 675 969 illius
707 923 977 990 aspectus
1000 931 1267 990 gemmas
1292 912 1565 968 vincebat
1595 921 1655 968 et
1680 931 1910 986 aurum,

513 1014 797 1089 angelicis
831 1015 1016 1072 oculis
1048 1033 1389 1094 exaequans
1420 1011 1616 1072 sidera
1651 1013 1821 1070 caeli.

511 1118 758 1193 contigit
784 1126 847 1172 ut
876 1135 1073 1173 sacrae
1100 1117 1296 1173 felicia
1317 1118 1525 1173 limina
1550 1125 1779 1193 portae,

511 1221 743 1275 tramite
778 1238 891 1298 qua
920 1228 1077 1275 recto
1114 1201 1378 1276 mediam
1405 1220 1504 1274 via
1534 1215 1696 1274 ducit
1727 1219 1788 1274 in
1813 1217 2043 1293 urbem,

335 1318 467 1384 250
505 1320 709 1377 terruit
735 1320 964 1378 incessu
996 1321 1248 1400 populos
1267 1364 1283 1393 ,
1329 1319 1634 1398 oculisque
1664 1321 1895 1378 refulsit

506 1422 699 1501 qualis
727 1421 799 1478 ab
833 1415 1051 1481 Oceani
1076 1420 1320 1502 liquidis
1348 1421 1441 1478 sol
1471 1439 1684 1477 aureus
1716 1419 1893 1478 undis

503 1520 881 1603 splendentes
909 1525 1094 1581 mittit
1117 1521 1313 1580 radios
1328 1566 1343 1596 ,
1388 1522 1718 1602 rutilasque
1742 1540 2016 1580 serenum

501 1624 698 1685 fundit
726 1625 946 1704 ubique
975 1623 1135 1681 diem
1165 1623 1574 1704 mundumque
1604 1624 1904 1682 illuminat
1931 1645 2169 1682 omnem

502 1731 652 1789 lucis
678 1727 907 1786 honore
935 1747 1100 1795 suae,
1182 1729 1310 1786 viso
1345 1738 1486 1786 tunc
1513 1727 1752 1784 consule
1783 1727 1989 1805 plebes

331 1830 458 1897 255
501 1831 806 1911 plausibus
833 1827 1157 1906 adsurgunt
1183 1840 1240 1887 et
1269 1850 1443 1888 voces
1472 1830 1717 1888 vocibus
1748 1827 1993 1886 addunt.

501 1934 583 1990 sic
606 1933 759 1989 bene
790 1934 1088 2011 quaesitas
1115 1942 1180 1990 ut
1204 1934 1385 2012 pullis
1418 1934 1684 2011 porrIgat
1713 1949 1894 2005 escas,

498 2035 661 2092 mitis
688 2032 944 2092 hirundo
978 2033 1166 2092 redit:
1209 2044 1525 2113 postquam
1554 2032 1632 2090 ad
1659 2052 1763 2090 sua
1797 2043 1950 2090 tecta
1978 2031 2232 2093 videnda

496 2137 731 2212 garrula
758 2156 867 2215 per
899 2139 1130 2215 patulas
1157 2136 1337 2194 suerit
1370 2134 1566 2193 delata
1592 2135 1902 2209 fenestras,

495 2241 701 2296 matris
730 2242 791 2296 in
818 2236 1140 2297 adventum
1165 2237 1307 2296 nido
1334 2239 1634 2315 consurgit
1666 2238 1739 2294 ab
1764 2237 1926 2295 omni

326 2342 454 2405 260
495 2341 663 2398 turba
692 2342 943 2420 loquax,
987 2342 1369 2420 flagitantque
1398 2341 1559 2396 cibos
1578 2384 1593 2413 ,
1644 2339 1916 2420 fidaeque
1946 2342 2207 2417 parentis

496 2444 695 2502 oribus
727 2462 826 2500 ora
854 2452 1064 2522 petunt
1083 2486 1098 2517 ,
1145 2452 1204 2500 et
1229 2442 1446 2520 apertis
1474 2441 1744 2499 faucibus
1779 2440 2048 2499 adstant:

495 2546 601 2603 illa
630 2543 736 2603 sed
766 2543 1117 2625 impendens
1148 2542 1363 2602 nidum
1399 2544 1794 2623 circumspicit
1823 2563 2080 2619 omnem,

498 2645 909 2728 distribuitque
940 2651 1097 2731 pias,
1141 2658 1210 2705 ut
1240 2658 1481 2705 cunctos
1503 2649 1758 2721 nutriat,
1806 2666 1991 2705 escas.

578 2750 871 2808 Sanxerat
893 2753 1195 2829 Augustus
1225 2747 1487 2829 Sophiae
1525 2751 1876 2826 cognomine
1905 2752 2216 2830 templum,

321 2851 449 2917 265
490 2854 825 2910 Romanum
854 2854 1125 2931 princeps
1161 2871 1296 2909 cum
1329 2851 1689 2909 lastinianus
1726 2849 1969 2909 haberet

487 2955 841 3033 imperium,
887 2951 1238 3035 Christoque
1271 2954 1479 3012 volens
1512 2974 1618 3012 sua
1652 2966 1788 3013 vota
1826 2953 2051 3015 dicarat

486 3075 657 3113 mens
681 3058 948 3133 Augusta
965 3099 982 3130 ,
1027 3076 1194 3132 reor,
1237 3058 1361 3114 iam
1384 3076 1505 3114 non
1534 3059 1741 3135 ignara
1767 3059 1984 3135 futuri3

487 3167 590 3214 aut
616 3159 810 3235 magis
842 3159 1118 3235 ignarum
1141 3168 1298 3229 recto
1328 3156 1474 3217 deus
1505 3158 1711 3217 ordine
1740 3158 1916 3219 duxit

487 3268 623 3316 ante
648 3259 983 3316 futurorum
1012 3277 1165 3339 quae
1193 3272 1331 3320 sunt
1362 3280 1573 3319 arcana
1596 3260 1888 3320 bonorum

314 3363 445 3428 270
484 3363 760 3439 auspiciis
791 3380 1020 3419 sacrare
1047 3364 1183 3441 piis.
1248 3361 1568 3422 Theodora
1597 3364 1840 3440 regebat

486 3473 749 3542 tempore
783 3482 900 3543 quo
932 3482 1158 3522 sacram
1185 3466 1458 3526 fundavit
1495 3463 1762 3524 conditor
1783 3486 2002 3545 arcem,

485 3574 545 3621 et
579 3564 837 3643 Sophiae
861 3586 1081 3624 nomen
1115 3567 1384 3626 nondum
1407 3570 1709 3647 regnantis
1736 3567 1956 3628 habere

484 3687 595 3725 arx
623 3671 858 3726 meruit.
945 3672 1160 3749 sceptri
1183 3671 1421 3728 fuerant
1453 3691 1521 3728 ea
1551 3673 1721 3749 signa
1746 3671 1953 3729 futuri.

477 3769 691 3849 iugens
712 3773 1094 3851 mysterium,
1138 3794 1356 3853 magna
1381 3773 1540 3855 quod
1566 3776 1726 3832 mole
1754 3774 1999 3850 latebat,

308 3873 397 3933 27
398 3869 437 3934 5
477 3873 806 3950 perfectum
837 3876 1120 3954 patefecit
1146 3895 1333 3956 opus:
1377 3880 1475 3935 via
1505 3875 1704 3935 lucida
1737 3881 1954 3935 nostris

478 3991 639 4031 nunc
662 3977 816 4035 facta
843 3990 932 4038 est
959 3980 1182 4055 oculis3
1227 3980 1543 4038 manifesta
1566 3981 1700 4037 luce
1723 3977 1997 4040 videmus

479 4074 626 4131 olim
654 4082 1014 4155 promissum
1044 4084 1286 4140 caelesti
1312 4100 1559 4140 munere
1586 4101 1838 4161 regnum

478 4175 702 4236 Iustino
730 4180 1111 4265 sophiaeque
1139 4185 1255 4263 piis
1272 4229 1287 4260 ‚
1331 4185 1640 4264 patuitque
1668 4183 1826 4265 quod
1854 4195 1992 4242 ante

479 4275 748 4338 clausum
776 4284 932 4359 erat',
982 4297 1041 4344 et
1067 4287 1251 4345 nullis
1282 4288 1559 4344 velamen
1588 4288 1814 4347 visibus
1849 4288 2062 4347 obstat.

300 4379 431 4442 280
476 4399 602 4438 rem
632 4380 856 4463 Sophia
883 4386 1128 4466 dignam
1154 4399 1310 4448 certo
1333 4390 1623 4468 sapientia
1655 4392 1836 4449 fecit:

2377 441 2522 509 205
