3210 5200
894 379 1047 445 DE
1095 377 1505 446 ammaus
1552 333 1887 447 iusum.
2352 368 2498 449 415

306 547 579 649 -quaevis
605 503 903 602 veteribus
942 542 1098 600 alba.
1184 540 1532 601 schossastes
1578 540 1898 621 Aeschyli:
1956 535 2150 649 aigyna?
2189 539 2302 622 τὴν
2344 544 2503 644 βοῦν

306 635 495 690 :nutet
524 625 569 708 ἢ
602 625 704 690 διὰ
732 626 800 691 sd
827 633 950 700 τοῖς
975 631 1148 700 θεοῖς
1174 620 1269 689 αεὶ
1295 650 1402 701 τας
1432 628 1581 706 βοῦς
1610 623 1918 703 θύεσθαι,
1974 651 2017 707 η
2047 622 2149 690 δια
2177 650 2246 690 το
2274 650 2501 730 ταυτην

304 709 482 776 -εἶναι
517 709 768 789 λευκήν·
806 735 880 772 τα
920 735 1033 792 γαρ
1072 707 1254 773 levata
1298 709 1401 772 καὶ
1438 708 1683 790 καθαρᾰ
1728 710 1832 774 καὶ
1877 707 2138 787 mmmm
2170 710 2274 773 καὶ
2306 704 2499 791 ἆρριῖ-

327 820 513 860 uma.
596 799 818 856 Marius
846 798 1043 857 Victor
1064 795 1170 853 lib.
1202 799 1242 859 2
1284 798 1349 853 in
1378 797 1675 854 Genesine
1749 799 1838 854 sie
1867 795 2011 853 olim
2037 807 2178 853 ante
2203 797 2302 856 sui
2313 816 2500 874 prae-

302 884 507 940 sema
548 881 840 939 candidus
874 879 1042 937 Abel
1079 879 1373 938 invidiam
1391 881 1638 958 fratris.
1730 882 1997 939 Alcimus
2040 883 2251 939 Avitus
2285 881 2392 938 lib.
2420 885 2498 943 2·
2479 922 2497 937 .

331 978 472 1024 nme
499 986 663 1023 mens
690 967 942 1023 iratactos
964 963 1241 1022 servabat
1260 964 1522 1023 candida
1547 966 1733 1022 visua.
1778 963 1943 1022 idem
1970 964 2078 1022 lib.
2110 968 2150 1030 6
2188 963 2265 1022 ad
2288 966 2500 1023 Fusci-

310 1069 467 1110 -nam
504 1070 797 1108 sororem.
781 1066 799 1083 ·
871 1069 979 1120 nec
1015 1051 1171 1106 enim
1209 1048 1327 1105 ulli
1374 1048 1637 1109 candida
1677 1050 1867 1108 virtus
1910 1048 2169 1118 invidet,
2237 1049 2501 1107 invidiae

305 1139 675 1213 quanquam
708 1144 792 1191 est
828 1132 1090 1191 subiecta
1129 1132 1454 1212 malignae.
1543 1136 1775 1191 Arator.
1807 1134 1912 1191 lib.
1948 1138 1980 1196 1
2016 1135 2170 1212 Hist.
2206 1135 2496 1232 apostol-i.-

305 1236 462 1276 —caet
492 1221 653 1276 nivei
678 1199 955 1275 nm'm‘tus
977 1217 1256 1276 honorem
1281 1218 1455 1276 callis
1478 1217 1569 1276 ad
1588 1217 1802 1276 excelsi
1812 1220 2019 1296 pergit
2039 1219 2290 1296 vestigia
2315 1220 2491 1297 regis.

325 1305 570 1362 Baa‘rn.

490 1390 595 1450 93.
679 1404 815 1443 cum
842 1386 1052 1443 vinum
1074 1385 1566 1464 pretiosissimum
1597 1396 1656 1444 et
1687 1386 2052 1466 antiquitatis
2076 1385 2379 1444 maximae
2403 1388 2499 1444 in-

301 1513 303 1520 <
327 1469 520 1529 dicare
545 1471 693 1544 vult,
737 1467 1063 1549 hyperbole
1091 1473 1322 1548 poetica
1353 1470 1494 1529 dicit
1520 1472 1853 1550 plantatum
1879 1471 2100 1549 Ulyssi.
2143 1472 2394 1529 ΒΛιιτιι.

492 1553 596 1617 94.
666 1575 816 1611 *arce
839 1552 949 1611 sub
980 1554 1183 1612 Ibalia
1208 1554 1461 1613 Laertia
1474 1558 1749 1632 flumina
1777 1555 2067 1632 servarim]
2114 1574 2352 1613 carmen
2383 1552 2500 1612 hoc

324 1641 409 1697 ita
441 1641 873 1717 corruptissime
897 1639 1116 1716 legitur
1144 1641 1208 1696 in
1238 1639 1437 1698 codice
1468 1657 1597 1699 ms:
1642 1659 1861 1717 parces
1895 1639 2002 1696 ubi
2041 1639 2208 1696 halla
2249 1639 2499 1696 lacer-tia

307 1724 561 1781 ‚lumina
596 1743 889 1796 ·servans;
962 1722 1125 1803 quod
1178 1743 1288 1781 nos
1345 1744 1456 1782 nec
1506 1722 1823 1781 emendare
1879 1724 2122 1780 omnino
2171 1726 2496 1800 potuimus,

327 1827 521 1887 neque
589 1806 967 1866 emendatum
1035 1808 1107 1865 ab
1182 1809 1381 1887 aliquo
1454 1818 1513 1866 et
1584 1807 1664 1865 ad
1736 1809 2069 1885 marginem
2134 1806 2498 1887 adscriptum

326 1892 580 1970 placuit,
634 1892 717 1949 ita
743 1893 1000 1949 scilicet:
1055 1912 1192 1951 arce
1223 1892 1332 1949 sub
1356 1892 1570 1950 Acilae’a
1601 1892 1900 1949 Lernaeia
1927 1892 2201 1968 flumina
2227 1912 2491 1950 servans.

326 1978 471 2056 quin
506 1986 565 2034 et
593 1976 818 2056 aliquot
845 1997 1049 2035 versus
1083 1977 1512 2057 subsequentes
1552 1975 1707 2035 mihi
1748 1977 2080 2054 suspicione
2121 1994 2244 2034 non
2274 1987 2495 2046 carent,

324 2060 431 2119 sed
479 2079 629 2139 quos
671 2064 901 2118 animus
943 2080 1066 2118 non
1107 2071 1195 2118 est
1238 2059 1584 2134 emendare,
1647 2062 1766 2118 nisi
1806 2061 2159 2138 insigniores
2204 2058 2495 2119 duntaxat

321 2144 572 2203 mendas
608 2147 673 2202 in
714 2143 806 2202 his
849 2146 1064 2204 nostris
1102 2144 1607 2202 observationibus
1633 2142 1918 2202 iudicare.
2000 2146 2185 2201 Rmz.
2270 2147 2496 2221 corrige

335 2227 613 2296 Oebalia,
658 2228 813 2285 claro
838 2246 1035 2285 sensu.
1079 2228 1357 2286 Denter.
1442 2231 1722 2287 correctio
1766 2225 1878 2303 [ad
1914 2230 2244 2305 marginem
2268 2227 2496 2286 adam-i-

306 2313 458 2391 pta]
504 2312 726 2368 nullius
762 2312 1051 2368 momenti
1075 2320 1194 2385 est,
1257 2315 1344 2369 uti
1386 2331 1498 2370 nec
1536 2313 1644 2370 illa
1688 2315 1866 2370 etiam
1908 2331 2089 2391 quam
2131 2332 2213 2369 ex
2251 2313 2495 2390 vulgata

324 2397 517 2453 Ruizii
547 2405 912 2452 commentus
938 2405 1027 2453 est
1049 2397 1468 2473 Dempsterus:
1527 2416 1663 2454 cum
1692 2398 1852 2456 enim
1876 2396 2064 2455 Ibalia
2095 2398 2199 2454 illa
2221 2415 2332 2454 arx
2350 2398 2492 2454 nul-

326 2480 443 2538 lius
468 2480 644 2558 pretii
670 2481 745 2537 sit
769 2499 889 2537 nec·
905 2476 983 2536 ad
1009 2480 1198 2536 ullam
1224 2478 1534 2539 historiam
1561 2479 1820 2555 alludat,
1873 2499 2255 2560 nequaquam
2278 2482 2494 2560 poterit

325 2566 533 2643 magui
569 2563 705 2622 fieri-
743 2583 815 2622 ea
855 2564 1031 2622 lectio
1067 2583 1220 2644 quae
1253 2584 1334 2623 ex
1356 2567 1564 2624 vitiosa
1597 2575 1826 2625 servata
1856 2566 2166 2644 exsculpta
2199 2575 2309 2625 est.
2395 2585 2495 2624 se·-

325 2646 548 2730 quendi
584 2650 824 2706 omnino
865 2659 1004 2707 sunt
1036 2646 1244 2708 ductus
1271 2653 1706 2727 manuscriptae
1732 2650 2037 2724 lectionis,
2101 2669 2254 2728 quae
2285 2651 2494 2728 procul

310 2731 509 2791 ’dubio
535 2735 772 2791 veritati
798 2734 1064 2811 proprior
1092 2744 1181 2792 est
1210 2752 1393 2812 quam
1417 2736 1802 2792 correctiones
1834 2753 1914 2791 ex
1937 2753 2008 2790 ea
2037 2745 2231 2809 natae,
2271 2745 2330 2792 et
2356 2736 2492 2793 lon-

323 2820 458 2896 gius
502 2818 681 2875 etiam
724 2816 1075 2875 recedentes·
1112 2817 1185 2874 ab
1233 2817 1477 2877 historia
1521 2837 1673 2898 quae
1717 2820 1914 2876 inesse
1964 2815 2159 2876 debet.
2243 2819 2494 2897 longum

321 2905 487 2959 enim
522 2904 843 2980 quaesieris
861 2945 878 2975 ,
931 2902 1276 2981 prinsquam
1306 2904 1371 2959 iu
1400 2903 1575 2960 rebus
1610 2902 1839 2982 Ulyssis
1875 2922 2073 2960 arcem
2108 2903 2360 2960 Ibaliam
2389 2914 2493 2964 aut

319 2987 676 3044 Oebaliam'
657 2987 985 3059 mveneris,
1040 2987 1105 3042 in
1142 2989 1395 3063 gratiam
1435 2985 1680 3067 quidem
1703 2988 2001 3066 Assagrii‚
2062 2989 2168 3067 qui
2216 2987 2492 3047 vitiosam

319 3070 639 3128 lectionem
661 3072 926 3128 vitiosius
956 3073 1248 3144 correxit,
1305 3091 1385 3129 ex
1425 3091 1543 3151 qua
1573 3074 1933 3131 correctione
1962 3066 2345 3149 postmodum
2372 3071 2493 3129 alia

305 3164 583 3212 .monstra
607 3165 748 3212 nata
776 3164 932 3212 sunt.
1017 3173 1127 3212 nos
1156 3157 1405 3213 initialis
1430 3156 1660 3213 litterae
1690 3158 2033 3214 auctoritate
2059 3163 2308 3228 servata,
2335 3173 2489 3235 quae

321 3256 700 3317 nequaquam
727 3239 904 3296 facile
930 3235 1007 3295 de
1032 3239 1133 3296 P·
1114 3258 1178 3295 ιιι
1204 3239 1275 3296 A
1298 3241 1663 3297 transvenire
1693 3242 1885 3318 potuit
1904 3283 1923 3314 ,
1965 3239 2146 3298 aliam
2172 3240 2491 3298 lectionem

318 3331 389 3377 et
410 3322 622 3380 litteris
664 3331 724 3379 et
759 3319 1040 3380 historiae
1068 3325 1516 3381 convenientem
1540 3342 1747 3381 sumus
1776 3326 2125 3397 commenti,
2187 3342 2341 3403 quae
2367 3325 2492 3381 uti-

321 3421 442 3482 que
465 3406 579 3461 ista
608 3416 728 3464 est.
760 3425 916 3481 pace
940 3404 1051 3464 sub
1083 3406 1280 3464 Iliaca
1304 3407 1552 3465 Lae‘nhz
1583 3406 1799 3464 limina
1826 3426 2087 3464 servans.
2154 3405 2488 3465 Ithacensia

302 3490 463 3545 sina
487 3487 690 3547 laudat
715 3495 774 3546 e't
799 3501 1063 3548 recenset
1091 3492 1399 3592 Gorippus,
1444 3509 1624 3571 quam
1648 3492 1907 3549 insulam
1928 3509 1961 3548 a
1989 3491 2292 3548 fertilitate
2320 3510 2489 3549 com-

300 3569 568 3630 mendat
598 3575 910 3632 Homerus.
957 3593 1151 3649 cum,
1195 3577 1293 3650 ait,
1336 3575 1602 3633 nondum
1628 3574 1717 3632 ad
1744 3573 2004 3632 Iliacum
2034 3572 2272 3631 bellum
2269 3576 2491 3654 prose-

317 3667 452 3715 ctu-s
476 3658 647 3735 joret
681 3657 940 3735 Uffases,
981 3661 1268 3738 originem
1307 3659 1449 3718 Ιιιιὶσ
1484 3662 1623 3718 vino
1663 3660 1787 3717 eius
1815 3658 2120 3737 plantatio
2155 3657 2341 3728 dedic,
2383 3663 2493 3738 qui

301 3739 598 3799 „Ithacam
623 3762 797 3800 suam
822 3744 1006 3801 vineis
1032 3743 1310 3822 opplevit.
1379 3754 1536 3801 .ante
1562 3754 1831 3823 tempora
1859 3744 2002 3801 belli
2027 3744 2278 3801 Troiani
2308 3763 2489 3802 vaca-

313 3824 421 3881 bat
460 3826 656 3903 Ulyssi
705 3828 849 3885 talia
896 3828 1092 3886 facere
1135 3838 1194 3885 et
1231 3828 1440 3886 limina
1476 3827 1687 3887 domus
1730 3847 1871 3886 suae
1913 3846 2169 3886 servare.
2251 3847 2489 3887 servare

306 3908 565 3965 zlomum‘
592 3920 679 3967 est
704 3922 860 3970 recte
885 3915 1008 3971 suis
1030 3912 1205 3971 rebus
1235 3932 1527 3992 praeesse,
1568 3913 1794 3972 bonum
1814 3911 2302 3990 patremfamilias
2330 3932 2484 3987 esse,

313 4000 387 4048 ut
416 3994 480 4047 in
506 3995 691 4050 veteri
732 3996 1112 4074 inscriptione
1155 3994 1228 4055 de
1268 3997 1493 4055 femina
1536 3994 1787 4056 honesta
1814 4006 1872 4054 et
1894 3995 2086 4073 frugi·
2128 3995 2259 4055 heic
2282 4008 2368 4054 esc
2389 4017 2484 4055 a&

301 4073 601 4150 pulcrum
624 4076 797 4135 haud
809 4082 1094 4155 pulcrum
1111 4081 1657 4159 pulcraiseminae.
1749 4101 1959 4138 nomen
1984 4092 2262 4159 parentes
2292 4084 2487 4139 nomi-

308 4170 547 4227 norunt
573 4160 910 4221 Claudiam.
956 4186 1214 4224 semona
1239 4166 1461 4246 lepido,
1503 4165 1650 4224 dum
1673 4176 1876 4223 autem
1903 4166 2132 4224 incessu
2156 4164 2485 4235 commodo,

303 4243 579 4301 domum
587 4250 873 4316 servavit,
915 4248 1123 4308 lanam
1134 4251 1314 4328 ficit.
1389 4252 1535 4308 dixi.
1624 4250 1749 4308 abi.
1839 4261 2044 4330 estque
2069 4251 2226 4307 fictio
2252 4249 2486 4326 poetica

310 4337 378 4384 et
404 4328 680 4405 elegans,
735 4328 873 4389 data
907 4338 1244 4414 occasione,
1299 4333 1497 4395 herois
1539 4332 1840 4417 quondam
1878 4337 2027 4393 tanti
2065 4334 2292 4393 cultura
2321 4352 2486 4415 com-

408 4435 607 4492 Merob-
650 4444 702 4493 et
744 4437 861 4493 Gar.
1992 4438 2068 4497 81
