3210 5200
982 447 1508 515 IOHANNIDOS
1559 449 1719 516 LIB.
1767 450 1887 517 lv.

510 615 632 675 iam
662 613 863 673 senior
886 612 1246 696 grandisque
1274 617 1477 690 annis3
1523 617 1619 675 cui
1653 615 1834 675 cruda
1861 628 2131 680 senectus

512 729 573 777 et
603 719 789 777 virtus
812 720 1093 777 iuvenilis
1128 730 1283 793 erat,
1329 738 1448 799 qua
1469 722 1775 779 maximus
1801 718 1991 780 hostis

508 822 786 898 frangere
813 840 936 878 non
964 822 1213 878 minimo
1240 822 1434 898 potuit
1466 819 1681 879 sudore
1711 823 2012 882 laborans.

340 922 468 988 520
513 921 768 981 discolor
795 920 956 980 hunc
980 932 1173 1000 portat
1197 922 1451 980 maculis
1482 925 1742 981 variatus
1770 925 1835 980 in
1863 926 2017 983 albis

508 1035 676 1104 parte
703 1026 876 1101 niger
901 1026 1137 1101 sonipes
1154 1067 1170 1097 ‚
1216 1027 1469 1101 gemmis
1497 1044 1758 1105 auroque
1788 1027 2097 1105 superbus,

512 1147 616 1186 ore
642 1128 939 1200 fremens3
983 1145 1340 1206 camposque
1368 1126 1519 1186 levis
1551 1125 1827 1186 discurrit
1848 1131 1915 1186 iu
1945 1143 2173 1189 omnes.

511 1231 739 1288 ferreus
775 1231 904 1308 ipse
941 1247 1075 1286 suas
1113 1247 1475 1307 componens
1504 1227 1713 1288 ordine
1741 1241 1968 1311 turmas

508 1333 674 1413 itque
708 1329 975 1410 reditque
1006 1330 1249 1405 volans,
1290 1333 1478 1391 socios
1514 1342 1574 1390 et
1603 1331 1802 1389 firmat
1836 1344 2069 1393 euntes.

338 1431 468 1499 525
590 1429 945 1492 Fronimuth
971 1435 1180 1490 erectis
1208 1435 1380 1492 iuxta
1406 1442 1611 1492 movet
1633 1434 1871 1510 agmina
1901 1437 2088 1511 signis

508 1537 794 1615 impiger,
841 1545 903 1592 et
933 1536 1156 1613 campis
1187 1537 1417 1594 socians
1452 1538 1758 1614 coniungit
1788 1539 2034 1615 apertis.

506 1639 633 1718 ipse
665 1640 805 1697 licet
833 1634 1071 1694 medius
1105 1638 1296 1696 cristis
1329 1649 1389 1696 et
1420 1637 1649 1696 casside
1677 1637 1916 1715 fulgens

507 1745 798 1813 emineat,
844 1739 1104 1819 ferrique
1133 1757 1287 1797 novo
1312 1738 1627 1818 splendore
1652 1759 1985 1819 coruscans,

502 1845 674 1902 altior
703 1840 939 1902 adversi
964 1840 1161 1900 radios
1187 1851 1245 1899 et
1272 1842 1502 1899 lumina
1525 1839 1756 1899 Phoebi

334 1946 466 2014 580
505 1947 831 2025 suscipiens
861 1946 1127 2023 frangat,
1174 1941 1391 2002 densae
1415 1954 1620 2004 tamen
1646 1942 1913 2026 undique
1940 1957 2177 2026 septum

510 2051 813 2107 circueunt
838 2051 994 2106 acies
1026 2048 1231 2126 clipeis
1265 2047 1569 2127 galeisque
1597 2050 1909 2109 micantes.

584 2153 905 2210 Proximus
932 2148 1075 2207 inde
1110 2152 1270 2208 ciens
1297 2170 1577 2210 numeros
1601 2155 1960 2214 Marcentius
1987 2166 2196 2236 urget;

506 2255 787 2335 iussaque
816 2274 925 2332 per
950 2255 1104 2312 latos
1135 2253 1469 2310 discurrunt
1494 2256 1733 2332 agmina
1768 2276 2031 2337 campos.

505 2357 668 2415 illius
699 2368 758 2414 et
784 2358 983 2417 fulvos
1016 2359 1195 2416 cassis
1221 2356 1439 2432 premit
1467 2374 1645 2413 aurea
1675 2359 1866 2418 crines

332 2456 462 2525 535
504 2479 639 2517 aere
664 2461 862 2539 rigens
890 2463 1193 2542 cristisque
1222 2457 1420 2535 gravis
1436 2501 1452 2531 ,
1495 2454 1831 2538 thoraxque
1859 2461 2200 2524 tremendos

503 2561 874 2642 suspendens
904 2562 1187 2624 humeros
1217 2562 1481 2642 squamis
1506 2559 1876 2638 fulgentibus
1905 2564 2114 2641 ambit,

504 2662 651 2722 dum
677 2669 917 2747 sonipes
946 2666 1229 2747 gradibus
1261 2665 1564 2743 componit
1594 2683 1765 2721 crura
1796 2667 2089 2744 superbis.

502 2766 724 2827 lumbis
749 2771 868 2828 tela
898 2774 1051 2850 gerit
1078 2768 1541 2849 pharetramque
1569 2786 1893 2847 arcumque
1918 2778 2229 2828 sonantem

505 2870 758 2945 cinctus,
806 2882 867 2929 et
893 2883 1127 2931 auratas
1155 2871 1418 2929 referens
1445 2871 1510 2927 in
1538 2868 2013 2948 bellasagittas3

327 2967 461 3035 540
501 2972 789 3051 signaque
820 2973 1085 3030 terrificis
1110 2976 1305 3027 munit
1331 2972 1551 3032 vallata
1578 2971 1853 3027 tribunis.

502 3071 647 3132 hinc
674 3076 986 3133 Liberatus
1018 3083 1144 3131 erat
1168 3073 1352 3149 longa
1378 3073 1773 3149 praestantior
1801 3069 1993 3149 hasta,

500 3174 645 3235 hinc
670 3178 872 3235 Ulitan
898 3174 1182 3257 pulcher,
1226 3173 1406 3231 variis
1438 3170 1707 3251 depictus
1736 3177 1800 3232 in
1827 3179 2031 3252 annis»,

501 3276 603 3337 hic
625 3280 838 3338 melior
858 3281 981 3359 pilo
1002 3323 1019 3354 ,
1065 3296 1241 3336 curvo
1268 3296 1382 3334 nec
1409 3277 1649 3352 segnior
1679 3295 1841 3335 arcu.

503 3383 739 3441 flectere
769 3380 1150 3460 cornipedem
1179 3375 1431 3458 placidis
1458 3376 1613 3435 bene
1643 3376 1849 3438 doctus
1872 3377 2127 3441 habenis

324 3482 462 3549 545
500 3484 627 3542 ibat
652 3481 918 3543 Ifisdaias
944 3486 1138 3562 gentis
1162 3482 1496 3561 praefectus
1530 3489 1590 3537 et
1618 3490 1852 3553 auctor3

504 3606 684 3668 quem
712 3586 838 3644 fera
866 3605 1013 3664 gens
1040 3587 1337 3667 sequitur,
1379 3591 1522 3639 nato
1553 3583 1870 3639 comitante
1892 3585 2179 3661 Bitipten.

500 3708 651 3768 gens
680 3708 997 3747 numerosa
1027 3691 1202 3763 viris,
1246 3696 1307 3745 et
1336 3687 1529 3764 gentis
1560 3681 1762 3742 vivida
1789 3686 2011 3760 virtus5

496 3792 856 3871 ingenioque
889 3792 1096 3850 valens
1123 3792 1318 3850 fuerat
1345 3787 1472 3846 dux
1499 3790 1631 3866 ipse
1665 3785 1880 3863 fidelis,

499 3897 751 3953 militiae
782 3892 1148 3976 ducibusque
1182 3894 1426 3973 placens
1456 3910 1797 3973 magnoque
1831 3891 2141 3969 magistro.

326 3995 461 4061 550
500 4007 676 4056 natus
699 4007 759 4055 et
782 3999 1039 4056 eximius
1064 3999 1318 4076 sumptis
1343 3996 1780 4076 praesumptior
1808 3996 2011 4068 armis,

501 4116 615 4157 nec
648 4101 913 4178 genitore
945 4103 1173 4179 minor,
1216 4100 1426 4158 iaculis
1457 4099 1561 4180 qui
1590 4099 1825 4159 vincere
1855 4106 2055 4176 posset

317 4280 437 4336 518
472 4295 620 4350 quam
641 4281 707 4335 M
886 4284 991 4339 524
1022 4283 1073 4337 id
1110 4302 1175 4339 ue
1199 4283 1331 4338 redit
1353 4286 1404 4338 Τ
1588 4283 1693 4339 525
1727 4279 2014 4336 fruminicth
2041 4280 2092 4332 T

316 4367 423 4404 me
448 4349 521 4415 Ιι;
555 4350 703 4406 dese
722 4352 839 4406 MT
1003 4357 1036 4409 5
1143 4371 1267 4408 aere
1287 4353 1490 4423 rigens]
1525 4354 1729 4425 erigens
1761 4355 1833 4420 Τ,
1865 4348 2127 4422 ingentii!

315 4417 492 4488 elain
517 4420 569 4474 Τ
769 4421 875 4478 546
906 4422 1169 4495 bitimpteu
1187 4441 1374 4495 margo
1402 4426 1462 4482 Τ.

2427 454 2526 524 87

2258 4279 2362 4334 530
2394 4277 2521 4328 ‹len-

2278 4347 2379 4401 546
2410 4345 2524 4398 ifin-
