3210 5200
1007 438 1124 505 DE
1151 438 1589 515 ,LAUDIBUS
1639 439 1976 509 IUSTINI.
2426 446 2570 516 353

388 618 452 667 ut
474 606 846 685 intelligatur
867 601 1189 679 Arcadius,
1251 623 1330 662 ex
1371 602 1488 663 fide
1526 601 1747 664 codicis
1770 606 1895 663 mei
1924 623 2019 664 ms
2047 606 2483 685 castigatissimi
2511 624 2571 671 et

383 695 595 754 Veneti
632 691 1056 770 antiquissimi.
1141 709 1317 768 porro
1345 690 1636 769 corippus
1666 709 1905 769 semper
1941 687 2169 749 domini
2212 695 2569 772 appellatio-

382 796 526 837 nem
565 797 675 856 pro
718 777 1078 853 imperatore
1121 786 1388 853 usurpat.
1474 778 1561 833 sic
1587 775 1842 833 domnus
1868 773 2030 853 apud
2057 776 2473 838 Cassiodorum
2509 792 2569 841 et

382 858 574 943 δὸμνα
601 858 765 940 apud
794 862 1133 939 Oppianum
1152 859 1362 916 limine
1392 859 1794 939 Cynegeticon
1816 879 1925 939 pro
1949 862 2240 938 Augusta.
2282 865 2567 925 Dtmsr.

552 952 614 1010 2.
702 942 902 1002 iubere
940 964 1077 1002 cum
1120 941 1303 1002 dandi
1347 963 1487 1002 casu
1525 964 1607 1002 ex
1646 945 1927 1003 Cicerone
1969 945 2272 1004 imitatum
2301 958 2433 1024 est,
2488 970 2568 1010 ne

385 1032 522 1112 quis
544 1030 853 1090 barbarius
884 1029 1218 1087 arbitretur.
1301 1029 1387 1086 ita
1419 1047 1659 1112 quoque
1683 1042 2011 1109 posuerunt
2034 1029 2412 1107 Prudentius,
2457 1036 2564 1095 Vi·

385 1126 544 1188 ctor,
600 1118 923 1189 Iuvencus,
964 1116 1197 1172 Arator.
1239 1115 1490 1172 Bsn‘rn.
1577 1116 1790 1172 malim
1827 1115 2237 1194 dammasque,
2293 1122 2566 1197 quamvis

386 1210 448 1259 et
480 1198 680 1258 iubere
699 1199 891 1257 alicui
912 1199 1256 1277 reperiatur.
1339 1199 1625 1278 intelligit
1651 1209 1851 1257 autem
1884 1197 2156 1259 dominos
2186 1204 2479 1262 Iustinum
2507 1214 2589 1271 et,

383 1282 692 1364 Sophiam,
733 1286 1074 1361 Augustum
1093 1293 1153 1340 et
1172 1285 1528 1360 Augustam.
1612 1287 1801 1343 Rrrr.

549 1368 610 1433 4.
693 1369 757 1424 in
797 1364 1000 1425 codice
1041 1387 1136 1426 ms
1176 1366 1483 1426 orantibus
1508 1379 1725 1427 auctus
1752 1368 2098 1447 legebatur3
2145 1379 2206 1428 et
2230 1370 2410 1428 alicui
2437 1371 2563 1430 for-

380 1454 551 1513 tassis
603 1451 938 1511 hortatibus
976 1454 1199 1531 potius
1258 1471 1442 1534 quam
1488 1452 1758 1512 cratibus
1813 1451 2244 1514 restituendum
2279 1456 2562 1534 placeret.

353 1542 563 1598 Rmz.

544 1621 629 1681 ib.
719 1621 1003 1683 cratibus.
1096 1618 1271 1681 antea
1310 1622 1434 1682 iam
1481 1619 1637 1683 dixit
1684 1626 1719 1686 1
1766 1627 1923 1690 161:
1976 1636 2210 1703 sceptra
2248 1625 2564 1685 recusabat

380 1707 728 1766 lacrimans.
817 1709 985 1769 Suet.
1022 1707 1166 1789 Tib.
1211 1707 1330 1773 24:
1378 1710 1800 1787 principatum
1840 1713 2119 1788 quamvis
2154 1730 2343 1789 neque
2384 1733 2560 1770 occu-

371 1813 528 1870 pare
567 1793 874 1872 confestim
919 1813 1106 1872 neque
1140 1813 1322 1872 agere
1356 1792 1709 1863 dubitasset,
1765 1803 1820 1849 et
1843 1795 2094 1851 statcbne
2121 1796 2415 1866 militum)
2450 1796 2564 1854 hoe

379 1889 468 1934 est
493 1888 563 1935 ut
589 1889 642 1934 et
674 1881 865 1956 specie
894 1878 1315 1937 dominationis
1337 1888 1678 1956 assumpta,
1736 1878 1844 1935 diu
1887 1890 2087 1936 tamen
2122 1883 2420 1939 recusavit
2444 1882 2565 1939 im-

367 1962 803 2040 pudentissimo
824 1965 1047 2021 anim.
1139 1962 1469 2043 eademque
1497 1961 1796 2021 calliditas
1821 1964 2033 2021 Tacito
2066 1965 2286 2022 Annal.
2319 1967 2353 2028 1
2377 1983 2395 2022 ε
2419 1967 2560 2044 fis-

375 2068 480 2105 sus
505 2047 762 2107 elamore
791 2051 1084 2119 omnium,
1147 2050 1573 2127 exspectatione
1613 2046 1992 2126 sing-:dorum
2010 2049 2195 2124 flexit
2226 2049 2562 2127 paulatim,

376 2153 497 2190 non
529 2144 597 2191 ut
617 2133 925 2214 satereau·
957 2135 1187 2212 suscipi
1217 2154 1260 2191 a
1289 2153 1351 2190 se
1376 2135 1719 2212 imperium,
1783 2131 1892 2189 sed
1930 2143 1998 2189 ut
2026 2153 2244 2210 negare
2274 2146 2329 2191 et
2356 2138 2565 2213 rogari

375 2217 678 2293 desineret.
771 2217 846 2277 de
874 2221 1147 2296 Augusto
1177 2216 1458 2277 Ovidius.
1504 2220 1613 2296 qui
1637 2237 1814 2294 saepe
1834 2217 2278 2315 rogatusfiena
2303 2222 2565 2277 recusati

378 2306 595 2379 ceperit
616 2305 874 2380 imperii.
966 2299 1041 2360 de
1067 2299 1396 2361 Stilichone
1421 2302 1530 2361 lib.
1560 2306 1599 2365 8
1637 2302 1712 2359 de
1745 2301 1922 2359 laud.
1948 2304 2137 2379 ipsius
2162 2302 2561 2364 Claudianus.

379 2387 539 2444 ultr-0
559 2406 623 2443 se
634 2406 917 2465 purpura
941 2386 1194 2464 supplex
1223 2385 1466 2457 obtulit,
1505 2398 1562 2443 et
1584 2388 1801 2444 meruit
1820 2388 1986 2444 toties
2007 2406 2260 2466 regnare
2288 2401 2557 2469 rogatus.

378 2471 729 2550 legebatur
710 2492 774 2529 ιιι
801 2472 1046 2551 antiquo
1073 2468 1275 2530 codice
1301 2468 1676 2529 hortantibus
1701 2481 1947 2542 auctus,
1983 2490 2091 2573 pro
2118 2490 2235 2553 quo
2264 2472 2386 2552 legi
2414 2494 2560 2554 pos-

347 2566 470 2616 ·set
501 2555 768 2616 cratibus
792 2566 991 2629 actus,
1032 2566 1100 2616 ut
1130 2557 1533 2636 explicatum,
1578 2566 1683 2616 aut
1697 2600 1714 2634 ,
1759 2554 1924 2638 quod
1955 2556 2208 2618 vicinius
2238 2568 2359 2636 est,
2418 2560 2560 2618 hor-

373 2641 621 2700 tatibus.
707 2645 990 2702 Drmsr.

545 2724 629 2784 ib.
693 2738 890 2785 aetus.
936 2746 1017 2785 ex
1038 2727 1146 2785 illo
1178 2723 1493 2785 Claudiani
1521 2736 1609 2786 est
1628 2745 1648 2784 ι
1691 2748 1807 2806 quo
1836 2729 2077 2787 tandem
2104 2727 2340 2787 trabeas
2364 2739 2562 2788 actore

376 2822 655 2890 rogantes
682 2811 964 2870 induerit.
1054 2831 1135 2870 ex
1162 2830 1283 2892 quo
1309 2813 1409 2869 vel
1435 2812 1565 2871 solo
1593 2822 1759 2890 patet
1788 2814 2066 2873 Ruizium
2090 2811 2205 2873 hoc
2237 2815 2368 2872 loco
2405 2813 2559 2873 nihil

373 2909 607 2955 mutare
656 2895 953 2956 debuisse.
1060 2899 1147 2955 sic
1188 2895 1435 2956 Ovidius
1484 2898 1736 2982 epistola
1773 2899 2073 2960 Helenae.
2146 2901 2561 2978 acceptissima

373 3002 601 3061 semper
633 3000 892 3041 munem
919 2987 1087 3053 sunt,
1146 2992 1316 3039 actor
1353 3002 1509 3061 quae
1541 2983 1808 3059 pretiosa
1830 2983 2019 3064 facit.
2130 2985 2356 3065 alioqui
2394 2995 2562 3043 actor

372 3077 737 3146 procurator.
823 3069 1069 3127 Glossae
1098 3064 1565 3126 Basilicorum”
1523 3091 1721 3148 ακτωρ
1749 3061 2198 3151 προκουρᾶτωρ.
2240 3071 2559 3147 Gregorius

373 3153 743 3212 Turonensis
778 3155 819 3216 9
862 3155 974 3227 88,
1046 3150 1208 3231 apud
1250 3171 1431 3234 quem
1467 3163 1611 3210 actu
1656 3173 1836 3232 agere
1886 3164 1977 3212 est
2018 3153 2242 3212 iudicio
2275 3156 2557 3233 experiri.

374 3248 541 3294 actor
563 3238 752 3296 villae
773 3257 882 3317 pro
907 3246 1289 3316 procuratore
1312 3235 1475 3315 apud
1499 3239 1862 3316 Ansegisum
1888 3238 1997 3296 lib.
2022 3237 2064 3301 4
2095 3239 2351 3317 Capitul.
2384 3258 2437 3298 c.
2452 3239 2557 3302 41.

373 3323 623 3381 Βιιιτιι.

473 3459 474 3468 ,
546 3407 610 3471 5.
691 3428 812 3466 non
824 3409 1096 3485 primum
1125 3440 1203 3449 —
1234 3407 1306 3462 ni
1334 3407 1612 3485 saerata]
1657 3424 1779 3465 non
1832 3403 2036 3465 dubito
2080 3409 2226 3487 quin
2270 3406 2561 3483 corippus

376 3492 694 3570 scripserit,
730 3493 833 3552 vel
860 3503 1016 3552 certe
1039 3492 1296 3552 scribere
1325 3488 1615 3566 debuerit,
1643 3510 1763 3548 non
1785 3492 1964 3567 prius
1979 3523 2065 3534 —
2081 3511 2268 3569 quam
2291 3499 2551 3547 saerata.

373 3577 568 3635 Rrrr.

544 3664 608 3726 9.
696 3682 884 3721 ceras
967 3659 1178 3721 Isidor.
1208 3665 1250 3726 7
1281 3663 1392 3724 12.
1378 3678 1393 3692 ·
1438 3658 1782 3737 ceroferarii
1805 3657 2090 3716 dicuntur
2114 3678 2155 3715 a
2182 3656 2561 3736 deportandis

373 3749 580 3818 cereis,
636 3757 862 3851 quanto
899 3748 1276 3826 evangelium
1312 3744 1642 3824 legendum
1672 3754 1762 3802 est
1790 3753 1892 3802 aut
1918 3742 2272 3803 sacrificium
2301 3741 2558 3801 offeren—

372 3831 561 3891 dum.
598 3842 743 3891 tunc
767 3835 931 3891 enim
955 3834 1275 3891 luminaria
1304 3829 1737 3904 accenduntur,
1794 3849 1915 3887 non
1948 3829 2036 3887 ad
2043 3828 2374 3908 fugandas
2398 3839 2558 3890 tene-

298 3940 308 3954 ·
374 3903 519 3973 bras
540 3917 686 3974 dum
716 3919 812 3977 sol
838 3918 1039 3977 eodem
1072 3930 1326 3995 tempore
1351 3916 1579 3984 rutilet,
1635 3915 1743 3973 sed
1773 3914 1863 3973 ad
1893 3915 2138 3992 signum
2167 3913 2428 3971 laetitiae
2455 3913 2565 3971 de·-

374 4002 812 4060 monstrandae.
878 4006 1328 4085 antiquissimus
1356 4020 1497 4080 ergo
1529 4019 1835 4060 cereorum
1856 4019 2000 4057 usus
2027 4002 2091 4056 in
2124 3997 2342 4058 divinis
2371 4000 2560 4057 sacri-

375 4083 546 4142 ficiis.
630 4085 785 4143 infra
811 4089 893 4150 71
924 4100 985 4147 et
1016 4088 1059 4151 4
1088 4092 1233 4151 817.
1275 4088 1556 4146 Duas-r.
1645 4086 2094 4165 antiquissimus
2125 4103 2258 4143 mos
2299 4085 2558 4163 pietatis,

375 4167 793 4228 observantem
824 4173 1094 4231 animum
1122 4173 1420 4232 oblatione
1453 4173 1609 4229 cerei
1636 4173 1862 4231 testari.
1946 4168 2305 4228 Prudentius
2330 4186 2347 4228 z
2408 4190 2443 4227 ο
2470 4186 2562 4224 res

374 4252 606 4332 digna,
660 4254 830 4326 deus,
887 4276 1071 4333 quam
1092 4257 1204 4315 tibi
1225 4255 1493 4315 roscidae
1518 4259 1709 4314 noctis
1722 4255 2027 4333 principio
2050 4276 2151 4313 rex
2184 4265 2325 4313 tuus
2349 4252 2567 4332 offerat

375 4337 600 4406 lue-em,
644 4357 765 4415 qua
792 4338 1006 4397 tribuis
1031 4342 1125 4397 nil
1136 4344 1477 4420 pretiosius.
1568 4343 1715 4420 ungi
1742 4350 1947 4398 autem
1972 4345 2398 4400 consueverant
2426 4343 2563 4391 aute

377 4421 744 4483 oblationem
783 4426 935 4510 tales
980 4427 1157 4485 cerei.
1242 4425 1408 4486 idem
1440 4422 1837 4486 Prudentius:
1900 4424 2129 4497 lumen,
2172 4421 2336 4501 quod
2343 4420 2566 4499 samu-
