3210 5200
953 372 1316 440 voNclffl
1363 332 1858 447 PRAEFAnoL
2417 398 2503 444 „v

299 544 557 622 Corippo
610 558 831 619 agensx
921 539 1105 599 Iuvat
1118 583 1145 610 ,
1201 542 1395 621 inquit
1413 587 1430 616 ,
1490 543 1734 601 ultimos
1781 543 2097 609 Romanae
2140 543 2506 621 eloquentiae

301 656 551 707 mnam-5
574 666 696 701 non
721 644 1121 719 adspernari,
1165 648 1273 704 etsi
1298 645 1483 723 vulgo
1511 648 1712 704 minus
1739 642 1967 702 nobiles·
1995 643 2347 704 habeantur.

470 749 579 805 Sin
612 766 755 803 vero
790 743 959 802 hisce
996 746 1507 805 observationibus
1542 750 1759 805 nostris
1795 756 2104 806 occurrant
2145 746 2440 824 quaedam
2467 768 2504 805 a

296 847 697 908 Rittershusio
729 857 832 906 aut
857 849 976 904 alio
1008 850 1292 926 quopiam
1322 850 1444 903 iam
1472 859 1818 926 praecepta,
1865 846 2078 905 eadem
2103 849 2222 904 illis
2251 846 2504 906 adscribi

296 948 697 1009 vehementer
725 952 933 1027 cupio:
981 969 1175 1029 neque
1205 950 1395 1021 enim,
1433 958 1669 1026 praeter
1698 952 1892 1011 Ruizii
1924 949 2247 1013 editionem
2278 950 2502 1027 princi-

298 1072 452 1137 pem
489 1060 547 1108 et
589 1052 956 1128 Dempsteri,
1000 1052 1181 1109 aliam
1205 1048 1408 1108 videre
1436 1053 1714 1128 contigit,
1756 1070 1905 1130 quas
1937 1062 1996 1109 et
2025 1055 2217 1130 ipsas,
2267 1062 2332 1108 ut
2363 1054 2501 1131 plu-

298 1156 489 1227 rima,
528 1151 716 1211 debeo
738 1150 1095 1212 humanitati
1123 1148 1194 1215 V.
1224 1155 1290 1210 C.
1318 1155 1481 1219 Petri
1512 1154 1879 1230 wesseling.
1966 1173 2090 1211 nou
2117 1155 2318 1232 itaque
2350 1152 2500 1212 mihi

298 1252 503 1319 fraudi
549 1275 678 1312 esse
721 1256 1049 1329 voluerim,
1095 1258 1147 1315 si
1186 1257 1291 1336 qui
1332 1266 1469 1312 ante
1512 1275 1624 1313 nos
1663 1265 1863 1312 nostra
1904 1256 2058 1319 forte
2100 1252 2392 1328 dixerint,
2433 1265 2501 1312 ut

295 1358 570 1418 Donatus
612 1359 944 1436 inquiebat.
1028 1356 1138 1416 sed
1184 1368 1243 1415 et
1281 1377 1465 1437 quem
1499 1356 1827 1415 laudabam
1863 1355 2078 1428 modo,
2120 1354 2401 1421 Barthius
2434 1358 2499 1413 in

298 1458 810 1523 Acis-emmeram
842 1462 1042 1535 libris,
1090 1463 1414 1537 Corippum
1437 1460 1711 1536 plurimis
1742 1460 1887 1517 locis
1914 1469 2015 1516 aut
2043 1456 2369 1514 illustrarat
2397 1468 2499 1515 aut

296 1560 652 1625 emendarat
674 1606 688 1634 ,
742 1583 895 1642 quae
945 1566 1145 1623 omnia
1182 1559 1301 1618 huo
1333 1571 1599 1639 repetere
1633 1565 1825 1619 inanis
1859 1559 2006 1617 duxi
2036 1578 2272 1635 operae.
2357 1559 2500 1615 nul-,-

294 1664 397 1721 las
427 1683 604 1741 porro
638 1664 879 1723 lacunas
908 1676 1008 1722 aut
1035 1662 1264 1723 defecta
1288 1663 1419 1721 looa
1447 1664 1725 1741 supplere
1759 1679 2072 1738 aggressus
2101 1679 2256 1718 sum.
2344 1658 2499 1718 nihil

296 1768 476 1823 enim
503 1767 781 1825 incertius
805 1776 863 1822 et
886 1765 1261 1833 arbitrarium
1284 1768 1479 1844 magis
1502 1786 1741 1843 semper
1767 1761 1992 1822 credidi
2021 1781 2203 1841 quam
2226 1773 2497 1822 veterum

294 1877 611 1926 auctorum
634 1870 866 1945 seriptis
893 1869 1106 1942 verba,
1151 1869 1256 1929 ubi
1284 1865 1490 1927 deesse
1520 1867 1910 1938 videbantur,
1949 1866 2258 1938 infarcire,
2309 1885 2495 1944 quum

293 1972 453 2035 forte
496 1970 690 2032 millia
738 1971 880 2031 talia
923 1981 1195 2029 nostrum
1237 1973 1574 2048 excogitare
1619 1970 1807 2048 possit
1850 1968 2193 2044 ingenium,
2239 1988 2497 2047 quorum

292 2092 374 2129 ne
426 2091 611 2129 unum
655 2071 901 2151 quidem
950 2075 1094 2151 ipsis
1135 2075 1200 2131 in
1237 2084 1505 2133 mentem
1547 2075 1796 2130 venerit.
1885 2067 2082 2127 docuit
2124 2090 2267 2128 sane
2305 2090 2496 2148 expe-⁴

296 2175 510 2234 rientia
539 2176 907 2234 coniecturas
934 2174 1227 2239 eiusmodi
1249 2179 1506 2241 nimium
1531 2184 1824 2256 quantum
1852 2191 1982 2230 esse
2008 2171 2286 2246 lubricas,
2323 2175 2500 2252 sique

295 2275 531 2334 oodioes
557 2279 808 2355 scriptos
833 2278 1126 2353 oonsulas,
1162 2277 1467 2345 evidenter
1493 2277 1779 2356 adparere
1807 2276 2009 2333 falsas.
2098 2272 2260 2352 quod
2290 2282 2348 2330 et
2380 2272 2498 2330 du-

297 2378 453 2437 dum
479 2382 592 2437 viri
620 2379 777 2439 docti
806 2381 1215 2447 observarunt,
1304 2381 1377 2445 ab
1409 2383 1484 2438 iis
1521 2382 1725 2459 itaque
1775 2375 1804 2456 (
1819 2395 1938 2434 uno
1967 2376 2121 2431 forte
2151 2374 2282 2429 looo
2311 2392 2496 2429 exce-

294 2492 437 2562 pto,
479 2485 582 2562 qui
609 2485 955 2562 perspicuus
993 2480 1160 2561 enat)
1206 2484 1502 2558 abstinui,
1553 2502 1728 2539 voces
1759 2488 1992 2535 tantum
2024 2485 2358 2552 corruptas,
2407 2476 2493 2531 sia

295 2584 549 2667 quidem
576 2584 727 2643 mihi
752 2588 902 2645 tales
930 2584 1303 2661 viderentur,
1346 2606 1555 2652 sanare
1573 2629 1589 2659 ,
1635 2593 1737 2641 aut
1758 2580 2027 2640 versibus
2054 2574 2263 2633 ordine
2292 2578 2497 2633 minus

297 2699 462 2747 recto
512 2689 808 2747 oolloeatis
854 2691 1314 2769 transpositione
1355 2705 1585 2745 novave
1627 2683 2098 2762 interpunctione
2133 2674 2364 2736 mederi
2391 2679 2496 2733 ina

293 2794 498 2864 stitui,
540 2794 826 2850 nonnulla
869 2796 1051 2852 etiam
1087 2813 1121 2850 a
1156 2792 1521 2856 crisi‘minus
1548 2788 1882 2847 neeessaria
1915 2780 2240 2842 vindicare.
2328 2778 2493 2859 quod

292 2905 357 2952 nt
401 2896 582 2955 nobis
628 2898 1007 2973 successerit,
1042 2893 1310 2962 iudicent
1346 2892 1470 2958 alii.
1555 2889 1667 2956 sed
1705 2893 1770 2949 in
1809 2907 1937 2952 rem
1974 2894 2353 2966 praesentem
2380 2904 2490 2944 ve·-

252 2981 265 2994 ⁸
288 3001 554 3058 niamus.
