3210 5200
665 381 815 454 316
1320 374 1609 445 NOTAE
1654 373 1746 441 IN
1794 372 2121 442 LIBRUM
2150 373 2187 442 1

663 543 922 610 nominis
947 540 1075 603 dux
1099 539 1373 621 equitum
1397 539 1508 600 sub
1536 537 1965 600 IustinianoM.
1993 557 2172 617 saepe
2202 535 2480 599 laudatur
2497 557 2534 597 a
2549 538 2839 620 Procopio

666 633 742 694 de
765 632 926 691 bello
957 624 1232 687 Gothico.
1287 626 1489 685 Foco.
1573 624 1739 683 laesa
1768 634 1860 684 est
1889 621 2213 683 distinctio.
2294 625 2519 683 scribe·
2580 644 2696 682 nee
2714 644 2837 683 non

661 715 1114 796 magnanima,
1183 711 1407 769 men'tn
1440 720 1498 768 et
1534 710 1771 769 nemim
1820 710 2118 789 Magnus.
2211 717 2635 770 commentator
2683 706 2841 768 haec

660 802 807 861 talia
836 798 1128 878 neglexit.
1211 797 1463 856 Bau.

830 920 936 982 28.
1019 916 1206 976 saeris
1234 913 1564 974 rationibus
1593 915 1809 996 aptus]
1852 910 2193 987 rationales,
2234 912 2339 996 qui
2368 915 2622 974 rationes
2645 910 2839 993 exigit

667 1024 703 1064 a
728 1001 1050 1062 rectoribus
1071 1002 1254 1060 totius
1284 1002 1539 1080 imperii.
1567 1002 1759 1060 Rrrr.
1842 1020 2052 1059 sacrae
2074 1002 2333 1059 rationes
2359 1011 2495 1060 sunt
2518 1001 2837 1078 imperato-

666 1089 741 1147 rii
770 1084 1014 1146 reditus.
1097 1086 1184 1146 sic
1225 1083 1512 1167 quicquid
1555 1082 1636 1142 ad
1679 1085 2013 1165 principem
2049 1086 2223 1162 facit,
2283 1106 2520 1144 eac-mm
2546 1095 2837 1143 censetur.

665 1193 842 1231 sacra
860 1170 1010 1229 aula
1031 1190 1091 1230 v.
1103 1174 1229 1246 ’27,
1272 1170 1468 1229 divini
1480 1169 1667 1248 pedes
1692 1188 1755 1229 v.
1786 1174 1905 1245 87,
1946 1180 2192 1228 sanctur
2216 1172 2347 1250 ipse
2375 1190 2435 1230 v.
2462 1173 2577 1246 88,
2621 1168 2841 1227 divalis

664 1259 831 1336 origo
855 1275 917 1314 v-
942 1255 1045 1330 42,
1089 1253 1284 1313 diam·
1302 1254 1548 1313 honores
1578 1274 1641 1313 v.
1669 1252 1791 1328 47,
1835 1264 1897 1312 et
1924 1256 2091 1312 mille
2120 1256 2317 1312 talia·
2296 1275 2362 1312 ιιι
2389 1265 2514 1314 ιοιο
2545 1251 2661 1313 hoc
2689 1259 2840 1333 poi}-

664 1351 848 1402 mate.
890 1342 1139 1399 Bnrn.
1191 1351 1462 1423 sumptus
1487 1338 1673 1397 annui
1698 1339 2055 1420 reipublicae
2088 1339 2235 1397 olim
2265 1357 2303 1397 a
2336 1339 2601 1415 consule,
2641 1339 2842 1416 posita

665 1429 734 1486 in
776 1425 905 1485 foro
945 1422 1153 1501 hasta,
1218 1424 1745 1505 componebantur.
1828 1422 2001 1483 ovid.
2038 1420 2116 1482 de
2140 1424 2342 1482 Ροιιιο
2382 1420 2425 1486 4
2462 1422 2527 1486 5.
2608 1432 2845 1482 mutato

668 1520 833 1572 statu·
849 1508 957 1567 id
939 1527 1206 1589 ipsorum
1233 1511 1554 1569 Caesarum
1580 1519 1706 1568 erat
1732 1526 1986 1568 munus.
2026 1505 2205 1566 hinc
2188 1507 2504 1586 imperium
2531 1503 2847 1585 depositu-

671 1615 772 1655 rus
814 1597 1120 1673 Augustus
1164 1596 1558 1654 raabnan'um
1599 1590 1819 1652 reddit.
1904 1594 2151 1653 Sueton.
2194 1611 2249 1651 c.
2277 1593 2381 1656 28.
2460 1601 2670 1670 postea
2703 1611 2846 1650 cura

674 1700 746 1739 ea
773 1677 852 1737 ad
875 1687 1280 1779 procuratores
1305 1679 1573 1739 Caesar-Is
1603 1676 1907 1737 devoluta.
1967 1675 2390 1758 Lampridius‘
2368 1695 2434 1733 m
2463 1674 2844 1735 Alexandro.

671 1775 917 1823 rectores
936 1764 1268 1841 provitaeis's
1304 1762 1451 1820 dare
1490 1762 1592 1820 vel
1601 1764 1976 1863 praepositos
1984 1762 2202 1841 jacere
2225 1760 2326 1819 vel
2338 1771 2754 1839 procuratores
2780 1760 2850 1819 id

672 1857 758 1906 est
793 1846 1114 1905 rationales
1154 1845 1451 1905 ordinare.
1538 1840 1889 1909 ὖπευθυνοι
1936 1848 2109 1926 quasi
2160 1842 2480 1905 reddendis
2523 1846 2843 1905 rationibus

671 1932 917 1993 obnoxii
964 1928 1273 2004 dicuntur,
1329 1943 1397 1989 ut
1432 1931 1656 2033 'loquar
1690 1949 1827 1988 cum
1865 1932 2295 2010 imperatorel.
2327 1927 2370 1992 4
2397 1932 2465 1990 G.
2500 1928 2576 1990 de
2600 1932 2752 1990 cler.
2784 1939 2843 1989 et

667 2017 948 2095 Episcop.
1009 2012 1122 2074 hos
1146 2016 1566 2075 Constantinus
1594 2015 1851 2074 instituit
1878 2023 1937 2073 et
1959 2016 2217 2093 negotiis
2246 2014 2548 2075 fiscalibus
2570 2034 2845 2095 praeesse

666 2102 891 2174 voluit,
946 2118 1055 2159 seu
1092 2101 1355 2158 criminis
1384 2100 1490 2157 illa
1516 2120 1625 2159 seu
1657 2101 1744 2157 rei
1771 2100 2169 2179 pecuniariae.
2252 2101 2533 2160 Max-tien.
2558 2102 2640 2159 10
2662 2100 2771 2159 lib.
2800 2101 2844 2163 8

671 2186 740 2245 G.
773 2182 852 2243 ad
874 2185 996 2264 leg.
1028 2184 1144 2243 Iul.
1168 2184 1404 2244 maiest.
1430 2186 1547 2243 Iul.
1579 2184 1836 2262 Capitol.
1872 2186 1938 2241 in
1962 2184 2321 2244 Maximino.
2402 2195 2541 2245 sunt
2571 2204 2707 2264 ergo
2738 2203 2842 2242 ra-

667 2270 921 2330 tionales
950 2270 1322 2349 principum,
1381 2270 1486 2348 qui
1512 2270 1808 2349 privatam
1837 2268 2231 2328 substantiam
2260 2270 2611 2349 gubernant.
2692 2270 2844 2328 Cas-

667 2354 889 2416 stodor.
920 2357 960 2418 6
987 2374 1086 2433 ep.
1112 2358 1187 2417 8:
1231 2362 1289 2411 et
1311 2356 1571 2412 rationes
1594 2352 1887 2433 Belgicae
1895 2374 2242 2433 procurare.
2327 2356 2486 2413 Plin.
2512 2358 2555 2418 7
2596 2356 2679 2418 16
2704 2354 2841 2411 fine.

667 2443 877 2500 Iuven.
905 2440 985 2502 6:
1021 2440 1236 2519 gravis
1261 2448 1347 2497 esc
1370 2436 1729 2512 rationibue5
1787 2448 1848 2498 et
1873 2448 2042 2498 vetus
2071 2437 2406 2499 Scholiasta
2435 2437 2515 2497 ad
2539 2436 2695 2497 illud
2725 2438 2844 2497 ibi-

669 2523 844 2584 dem:
886 2522 1058 2604 longi
1080 2523 1289 2604 relegit
1317 2533 1655 2582 hamum-sa
1679 2523 1903 2581 diurni.
1947 2525 2176 2584 Auson.
2201 2524 2493 2605 parental.
2520 2543 2700 2582 carm.
2725 2522 2844 2588 24:

666 2611 889 2670 serinia
919 2610 1221 2689 praefieti
1263 2612 1533 2682 meritus,
1593 2607 1927 2668 rationibus
1974 2610 2113 2669 inde
2151 2612 2531 2688 praepositus
2570 2609 2836 2688 Libycis.

664 2714 889 2754 nomen
914 2713 1158 2770 novum,
1202 2714 1297 2753 res
1323 2695 1757 2775 antiquissima,
1798 2704 1869 2752 ut
1894 2691 2046 2754 dixi.
2126 2713 2390 2754 marmor
2408 2705 2581 2756 vetus
2600 2712 2620 2753 ε
2655 2697 2733 2754 1).
2756 2696 2845 2754 M.

665 2781 1026 2839 Abascantio
1069 2783 1226 2857 Aug.
1265 2779 1374 2838 lib.
1412 2777 1652 2838 aedituo
1698 2777 1864 2838 aedis
1896 2780 2188 2859 Neptuni,
2248 2797 2401 2861 quae
2449 2790 2542 2840 est
2577 2781 2646 2839 in
2691 2782 2844 2838 circo

666 2865 995 2940 Flaminio,
1037 2865 1280 2923 Flavius
1311 2867 1605 2923 Ascantus
1629 2873 1690 2923 et
1712 2864 1956 2923 Pallans
1983 2866 2154 2923 Caes.
2174 2867 2249 2923 N.
2274 2883 2392 2924 ser.
2426 2863 2662 2925 adiutor
2684 2884 2720 2923 a
2746 2884 2846 2922 ra-
2936 2863 2941 2869 ’

668 2948 931 3007 tionibus
963 2949 1120 3027 patri
1151 2951 1417 3027 piissimo
1450 2949 1567 3007 fec.
1651 2948 1806 3006 forte
1832 2945 1934 3007 hic
1959 2950 2159 3009 Pallas
2186 2958 2313 3025 est,
2356 2947 2432 3007 de
2460 2969 2580 3031 quo
2606 2951 2848 3030 satyrici

667 3029 935 3092 historici
962 3042 1024 3090 et
1049 3032 1280 3091 Plinius
1316 3034 1520 3093 Iunior
1557 3052 1680 3091 non
1716 3035 1862 3091 citra
1893 3031 2369 3112 indignationem
2404 3035 2514 3094 lib.
2556 3038 2597 3100 8
2645 3055 2741 3113 ep.
2780 3038 2847 3098 6.

669 3126 837 3177 erant
873 3125 932 3175 et
968 3117 1292 3176 rationales
1324 3118 1765 3197 privatorum,
1791 3137 1941 3198 quos
1982 3138 2120 3176 cum
2159 3120 2488 3178 secretariis
2536 3117 2846 3178 confundit

668 3202 1133 3263 Saresberiensis
1161 3203 1441 3267 Policrat.
1472 3206 1512 3267 8
1550 3203 1650 3278 12,
1695 3201 1771 3260 de
1804 3203 2020 3284 quibus
2046 3201 2162 3263 hoc·
2186 3213 2421 3263 tantmn
2446 3214 2615 3279 nota,
2658 3205 2846 3263 ratio-

667 3305 777 3344 nes
804 3295 936 3345 tum
964 3288 1036 3344 ab
1056 3289 1133 3346 iis
1154 3285 1413 3347 redditas
1431 3330 1450 3364 ‚
1505 3288 1559 3346 si
1586 3285 1814 3346 domini
1841 3288 2075 3348 tabulas
2106 3286 2468 3348 delevissent
2493 3300 2552 3348 et
2578 3289 2844 3348 subscri-

666 3371 947 3451 psissent.
1003 3371 1289 3432 Scaevola
1314 3375 1391 3433 10
1415 3372 1525 3433 lib.
1553 3370 1638 3437 40
1666 3371 1735 3432 ff.
1766 3370 1842 3431 de
1869 3382 2028 3434 statu
2054 3374 2166 3434 lib.
2220 3376 2490 3434 omittam
2515 3374 2844 3454 Apuleium

661 3457 1372 3537 Apolog·2.1)em=s*r.

828 3574 934 3640 24.
1017 3588 1309 3636 rectorum
1336 3577 1538 3660 Latii]
1584 3599 1656 3639 eo
1689 3598 1952 3660 namque
1987 3589 2254 3660 tempore
2284 3563 2667 3640 Occidentem
2702 3597 2840 3637 mo·-

664 3657 925 3720 deraturi
973 3663 1259 3741 praefecti
1311 3662 1484 3743 Cpoli
1539 3665 2055 3724 submittebantur.
2183 3684 2388 3724 eorum
2447 3684 2653 3724 curam
2707 3673 2843 3723 tum

661 3747 883 3823 Magno
913 3748 1014 3804 isti
1045 3746 1520 3808 commendatam
1550 3747 1697 3808 dicit
1728 3752 2039 3829 Corippus.
2123 3748 2281 3808 orbis
2308 3751 2527 3809 Latiae
2551 3749 2722 3830 quasi
2751 3750 2841 3807 si-

663 3830 890 3908 gillaria
938 3841 997 3889 et
1033 3834 1110 3891 ab
1153 3835 1391 3893 Oriente
1439 3832 1666 3894 divisus
1681 3878 1699 3911 ‚
1753 3834 2064 3894 Claudiani
2108 3836 2388 3915 exemplo
2421 3833 2496 3893 de
2528 3830 2843 3912 concordia

663 3917 822 3973 inter
859 3914 1070 3977 fratres
1111 3918 1433 3977 Arcadium
1473 3930 1533 3978 et
1576 3923 1939 3980 Honor-ium:
2001 3922 2342 3999 oon-spirant
2374 3920 2608 4001 gemini
2635 3919 2844 3998 frenis

667 4000 1076 4062 communibus
1100 4002 1288 4062 orbes.
1370 4006 1618 4064 Bam-11.

840 4104 930 4166 ib
1010 4107 1306 4166 danuam
1367 4107 1618 4185 corippo
1681 4105 1952 4188 designat
2013 4127 2318 4168 censorem
2338 4151 2358 4184 ‚
2444 4113 2842 4187 quaestorem.

677 4191 1045 4252 Glossarium
1070 4199 1274 4250 vetus:
1318 4190 1612 4250 &cumr
1635 4193 1975 4276 λογοθέιης.
2060 4191 2257 4253 aliud:
2299 4189 2626 4275 λογοθὲτης
2650 4190 2840 4252 tatio-

575 4347 582 4354 ,
677 4279 931 4349 efflator,
970 4277 1289 4347 drocus-sor,
1329 4277 1679 4356 dtbputator.
1767 4280 1863 4339 sio·
1886 4276 2176 4337 discutere
2206 4287 2296 4339 est
2326 4278 2715 4348 examinare,
2742 4293 2843 4330 ne-

679 4358 881 4442 digene
936 4363 1000 4420 in
1062 4357 1362 4439 ordinem,
1447 4363 1764 4423 illustrare.
1876 4359 2241 4425 Prudentius
2286 4362 2486 4423 Praef.
2557 4355 2840 4420 eatbam:
