3210 5200
553 337 700 410 326
1194 338 1476 405 NOTAE
1523 336 1614 405 IN
1661 334 1988 404 LIBRUM
2033 337 2069 403 Ι

552 502 834 583 quapiam
856 502 1340 581 interpretatione
1369 504 1548 562 etiam
1571 500 1733 582 quod
1762 503 2077 580 vulgatum
2102 509 2192 560 est
2217 500 2461 560 tolerari
2478 544 2496 574 ,
2551 502 2604 559 si
2640 501 2720 558 lt-

556 589 694 647 bera
827 609 945 644 non
974 586 1248 664 indigem
1282 598 1630 666 exponatur,
1673 607 1826 667 quae
1853 589 1996 647 satis
2024 607 2133 665 per
2164 606 2227 645 se
2261 583 2573 667 splendida
2598 606 2719 645 non

553 672 818 749 indigeat
845 672 978 727 luce
1008 673 1265 729 caelesti.
1350 675 1434 733 sio
1459 673 1738 732 Tibullus
1768 671 1841 730 de
1872 676 2182 751 Aegypto:
2244 672 2420 731 arida
2448 692 2554 732 nec
2571 671 2721 748 plu-

554 759 649 814 rio
679 754 978 832 supplicat
1001 755 1183 813 herba
1209 757 1375 829 Iovi,·
1438 777 1619 837 quam
1644 756 1928 834 eandem,
1984 759 2116 835 pari
2144 776 2320 817 sensu
2338 800 2357 831 ,
2411 776 2533 817 non
2561 754 2723 814 indi-

554 860 692 918 gam
735 850 794 897 et
838 859 1103 897 securam
1147 843 1293 898 caeli
1339 841 1698 901 Claudianus
1740 841 1905 901 idem
1955 840 2222 916 dictitat;
2287 852 2346 900 et
2375 841 2536 902 nihil
2563 841 2720 898 caelo

555 924 760 983 debere
786 926 1012 982 Plinius
1043 928 1266 1004 Paneg.
1301 929 1402 989 98.
1487 929 1736 986 BAnrn.

714 1011 817 1073 99.
860 1011 1031 1067 vitrei
1047 1011 1304 1089 metalli]
1333 1013 1674 1091 crystallum
1687 1011 1986 1088 intelligit,
2003 1019 2068 1067 ut
2088 1012 2469 1071 metallorum
2482 1011 2737 1089 nomine

556 1115 762 1156 omnes
800 1114 1072 1173 gemmae
1113 1098 1338 1157 censeri
1370 1098 1598 1174 possint
1630 1106 1736 1153 aut
1760 1099 2003 1174 pretiosi
2028 1098 2212 1175 aliqui
2244 1095 2500 1174 lapides.
2588 1094 2725 1153 vide

556 1201 708 1261 quae
745 1191 912 1239 notat
950 1178 1027 1239 ad
1051 1182 1539 1259 Agrimensorum
1580 1182 1987 1239 collectionem
2027 1178 2398 1239 doctissimus
2428 1184 2523 1238 vir
2544 1184 2729 1238 Nico-

553 1267 684 1323 laus
714 1266 1024 1343 Rigaltius.
1110 1286 1358 1340 saxum,
1400 1285 1732 1344 gemmam,
1778 1264 2073 1344 lapidem,
2120 1266 2349 1323 silicem
2378 1266 2728 1345 crystallum

553 1360 725 1410 vocat
757 1347 1135 1410 Claudianus.
1219 1352 1467 1410 Bam-11.

724 1437 867 1499 100.
953 1455 1088 1498 cum
1126 1433 1200 1493 de
1230 1436 1404 1494 rebus
1442 1434 1795 1494 caelestibus
1826 1432 1904 1492 ad
1933 1432 2195 1493 humana
2232 1435 2587 1512 comparatis
2628 1434 2726 1492 lo-

557 1530 818 1600 quuntur
855 1522 1199 1599 scriptores,
1257 1520 1480 1595 solent,
1549 1522 1672 1578 irae
1729 1523 2048 1580 numinum
2098 1522 2321 1578 scilicet
2371 1516 2727 1577 avertendae

555 1623 749 1678 causa,
795 1602 1047 1663 adiicere
1075 1606 1261 1685 sisae
1284 1616 1370 1662 est
1402 1616 1502 1664 aut
1541 1606 1663 1662 tale
1708 1604 1872 1683 quid.
1963 1603 2207 1665 Ovidius
2234 1607 2481 1661 Metam.
2516 1608 2586 1666 1:
2630 1602 2733 1661 Ιιίε

554 1687 718 1745 Iocus
762 1699 871 1758 est,
929 1711 1127 1768 quem,
1185 1691 1242 1747 .ςί
1275 1689 1465 1748 verbis·
1503 1690 1766 1747 audacia
1810 1691 2010 1760 detur,
2070 1712 2193 1748 non
2235 1691 2474 1746 timeam
2521 1690 2737 1767 magni

548 1772 766 1831 dixisse
780 1772 1024 1847 palatia
1046 1774 1216 1831 caeli.
1305 1775 1563 1833 Naevius
1589 1773 1909 1851 Epitaphio
1942 1794 2050 1832 suo
2081 1773 2241 1852 apud
2264 1775 2527 1832 Gellium
2561 1780 2589 1837 1
2627 1772 2729 1835 24:

550 1857 909 1919 immortales
955 1859 1231 1917 mortales
1281 1860 1336 1915 si
1368 1859 1536 1936 soret
1567 1859 1688 1936 sas
1723 1860 1882 1934 slew
1910 1861 2140 1935 flerent
2180 1859 2357 1918 divae
2408 1860 2733 1916 camoenae

552 1947 861 2005 Naevium
891 1945 1156 2022 poe‘tam.
1268 1945 1551 2021 Virgilius
1596 1944 1751 2002 ciri:
1810 1965 2034 2021 magno
2068 1946 2359 2015 isztexens,
2415 1947 2471 2002 si
2495 1944 2611 2022 sas
2643 1953 2729 2001 est

551 2031 766 2100 debere,
804 2030 981 2107 peplo
1011 2029 1212 2109 qualis
1235 2026 1574 2086 Eric-letheis
1598 2028 1744 2086 olc‘m
1766 2039 2045 2105 portatur
2065 2028 2350 2087 Athenis.
2398 2031 2642 2088 BAn'ru.

719 2117 861 2184 101.
948 2134 1099 2195 quae
1144 2112 1536 2171 domesticum
1570 2115 1857 2173 nimirum
1898 2134 2076 2173 suum
2110 2113 2494 2193 splendorem
2527 2133 2725 2174 secum

550 2198 918 2259 habitantem
940 2219 1178 2278 semper
1201 2197 1401 2257 habet.
1487 2202 1737 2257 Βιιιτιι.

722 2288 861 2347 102.
947 2285 1260 2363 miranda]
1307 2288 1369 2341 in
1396 2304 1489 2342 ms
1520 2295 1645 2342 erat
1671 2284 1847 2341 mira.
1938 2285 2125 2343 Rmz.

715 2368 798 2427 ib.
848 2380 905 2427 et
948 2390 1109 2455 seqq.
1199 2371 1463 2428 imitatus
1524 2371 1589 2427 in
1646 2365 1742 2428 his
1803 2377 1892 2429 est
1937 2370 2256 2447 Virgilium
2294 2371 2449 2428 Aen.
2500 2372 2535 2431 1
2589 2372 2731 2433 163.

546 2456 788 2519 Voxcx.

722 2538 863 2604 104.
950 2537 1185 2597 videtur
1230 2538 1484 2598 describi
1525 2542 1739 2598 Portus
1781 2539 1905 2597 iam
1948 2535 2303 2597 Hormisdae
2345 2550 2451 2597 aut
2492 2540 2732 2618 Iuliani,

555 2624 772 2683 deinde
798 2645 941 2684 vero
967 2624 1339 2704 Sophianus,
1384 2647 1452 2683 ao
1479 2624 1758 2704 deinceps
1783 2628 1916 2683 aliis
1946 2628 2126 2682 etiam
2150 2627 2490 2683 nominibus
2522 2628 2736 2705 appel-

555 2713 713 2769 latus
733 2756 748 2784 ,
810 2713 914 2790 qui
950 2714 1013 2768 in
1042 2714 1228 2768 veteri
1255 2730 1445 2768 novae
1475 2713 1702 2768 Romae
1735 2709 2126 2788 descriptione
2162 2712 2225 2767 in
2256 2713 2495 2786 regione
2531 2716 2570 2774 3
2609 2722 2735 2769 sta-

555 2798 760 2852 tuitur.
846 2797 933 2853 ibi
961 2785 1251 2874 palatium
1292 2797 1477 2855 fuisse
1515 2794 1775 2874 Sophiae
1818 2794 2088 2854 noudum
2111 2798 2416 2873 Augustae
2459 2794 2737 2854 adfirmat

555 2879 852 2951 Codinns,
899 2889 958 2936 et
985 2879 1384 2959 Theophanes
1411 2893 1611 2938 narrat
1633 2879 1935 2961 Sophiana
1962 2879 2040 2938 ad
2066 2900 2204 2937 eum
2230 2881 2449 2958 palatia
2482 2881 2665 2939 fuisse
2694 2901 2733 2938 a

554 2969 779 3022 Iustino
815 2967 972 3041 Aug.
1010 2975 1310 3038 extructa,
1357 2969 1530 3044 quia,
1575 2987 1714 3023 cum
1742 2976 1897 3024 esset
1931 2966 2298 3043 curopalata‚
2365 2968 2568 3024 Iustus
2606 2968 2732 3023 eius

554 3049 710 3107 filius
757 3070 838 3108 ex
882 3046 1106 3127 Sophia
1147 3051 1211 3106 in
1254 3049 1401 3108 aede
1447 3052 1510 3109 S.
1541 3049 1825 3110 Michaeli
1857 3070 2022 3108 sacra
2058 3047 2286 3108 ibidem
2318 3051 2432 3107 sita
2466 3053 2731 3128 sepultus

550 3136 763 3192 fuerat.
850 3135 1090 3212 Corippi
1127 3154 1331 3193 versus
1378 3138 1738 3193 conveniunt
1776 3156 1913 3193 cum
1951 3137 2378 3215 epigrammate
2410 3137 2478 3192 in
2510 3138 2736 3213 palatia

550 3217 856 3297 Sophiana
872 3261 888 3292 ,
956 3218 1119 3298 quod
1143 3221 1394 3278 Mariani
1419 3220 1774 3280 Scholastici
1799 3223 2040 3279 nomine
2067 3222 2421 3298 inscriptum
2448 3233 2643 3280 exstat
2666 3224 2735 3279 in

549 3302 914 3380 Anthologia
932 3347 947 3376 ‚
1006 3302 1167 3381 apud
1191 3307 1487 3363 Zonaram
1514 3327 1654 3366 vero
1679 3308 1923 3365 nomine
1952 3303 2267 3384 Agathiae.
2310 3307 2507 3364 Foco.
2588 3307 2733 3363 bra-

548 3386 687 3446 chia
717 3400 853 3450 sunt
885 3400 1227 3447 curvaturae
1273 3401 1331 3448 et
1359 3393 1647 3450 flexiones
1681 3404 1983 3470 portuum.
2068 3394 2335 3450 Avienus
2367 3410 2470 3449 ora
2495 3393 2734 3450 mariti-

550 3492 683 3532 ma:
729 3476 1079 3552 simtentque
1105 3474 1249 3546 lale,
1293 3489 1363 3533 ut
1391 3489 1520 3535 tuta
1543 3488 1778 3555 portus,
1835 3476 2102 3535 brachia.
2192 3479 2443 3536 BAu'rn.

723 3561 862 3623 106.
947 3558 1064 3619 hoo
1104 3572 1192 3619 est
1229 3564 1488 3620 stationi.
1578 3564 1904 3622 venantius
1931 3564 2307 3637 Fortunatus,
2350 3559 2489 3619 huic
2519 3568 2729 3640 poetae

552 3646 819 3724 aequalis
846 3657 1134 3725 tempore,
1180 3645 1288 3705 sed
1320 3650 1456 3706 stilo
1487 3650 1666 3726 longe
1697 3650 1911 3723 minor,
1957 3652 2035 3710 2:
2081 3667 2339 3716 carcere,
2383 3647 2585 3715 caede,
2606 3646 2731 3724 sa-

551 3750 671 3799 me,
729 3731 970 3800 vinclis,
1027 3733 1159 3803 site,
1205 3732 1474 3812 frigore,
1528 3736 1827 3811 flammis.
1919 3739 1996 3797 8:
2053 3733 2435 3811 restingzumt
2483 3731 2732 3788 avidam.

555 3815 729 3872 dulce
757 3814 981 3893 liquore
1008 3818 1190 3874 sitim.
1241 3821 1316 3878 2:
1361 3821 1679 3896 sanguinis
1704 3819 1816 3876 hoo
1851 3818 2073 3875 Clu-isti
2095 3817 2272 3875 dulce
2294 3817 2519 3896 liquore
2542 3816 2725 3873 lavet.

556 3900 716 3958 idem
751 3903 825 3962 8:
873 3903 1071 3959 Moses
1096 3915 1236 3959 ante
1260 3901 1412 3959 alios
1439 3903 1588 3973 dux,
1632 3925 1798 3961 mare
1828 3913 1991 3974 teste,
2032 3905 2208 3961 viros.
2296 3902 2462 3962 idem
2483 3901 2728 3966 eodem:

558 4007 757 4064 quo-⁹1,
735 3987 949 4044 “laelii-s·
974 3990 1273 4065 saxisque,
1298 3988 1504 4065 same,
1547 3991 1681 4059 sice,
1709 3989 1980 4068 frigore,
2005 3988 2304 4064 flammi-9.
2358 3990 2606 4046 Bia-m.

724 4073 864 4135 108.
949 4074 1192 4148 refluas.
1284 4075 1492 4152 virgil.
1534 4075 1749 4151 Georg.
1791 4078 1832 4135 4
1867 4079 2026 4137 262.
2088 4072 2474 4150 refluentibus
2528 4072 2725 4130 mdis.

556 4164 616 4212 at
662 4153 841 4214 dictio
886 4159 1127 4234 elegans
1164 4160 1410 4233 refluus:
1468 4169 1715 4236 usurpat
1747 4157 2107 4217 Claudianus
2150 4159 2216 4212 in
2255 4158 2479 4215 Ruffin.
2519 4160 2595 4220 1:
2638 4177 2735 4214 re-

538 4240 699 4314 fluis
725 4243 1005 4298 incertius
1033 4241 1229 4299 undis.
1321 4245 1405 4300 sic
1436 4247 1596 4301 enim
1624 4245 1841 4322 legitur
1877 4245 1939 4299 in
1973 4241 2331 4301 editionibus
2354 4244 2734 4300 plantiniana

557 4332 616 4380 et
652 4325 992 4405 Gryphiana
1022 4346 1102 4383 ex
1132 4327 1493 4388 membranis
1515 4330 1864 4404 Puhuanui,
1924 4328 2065 4384 licet
2097 4325 2291 4385 codex
2317 4347 2489 4386 meus
2517 4346 2733 4386 exara-
