3210 5200
1045 363 1572 441 IOHANNIDOS
1622 376 1780 444 LIB.
1826 379 1946 449 IV.

569 525 823 608 alipedis
855 530 1063 591 celeris
1092 530 1303 593 dextra
1334 541 1616 600 eontorsit
1645 537 1931 621 habenas,
2033 561 2036 564 ’

566 629 989 713 ductoremque
1018 643 1229 712 petens
1253 638 1526 699 volucres
1549 659 1662 720 per
1690 649 1961 722 gramina
1987 667 2190 711 cursus

567 736 877 814 corripuit,
923 732 1176 795 densum
1202 748 1262 796 et
1284 737 1633 821 dirumpens
1660 749 1923 807 concitus
1952 768 2172 829 agmen

394 835 523 899 810
564 835 738 893 fluxit
767 854 922 916 equo
940 881 957 912 ,
1001 836 1371 919 pedibusque
1400 843 1542 903 boni
1568 856 1711 903 tunc
1737 859 1908 907 more
1936 855 2208 931 magistri

564 937 765 995 oscula
798 958 1002 1017 pressa
1031 938 1195 1000 dedit
1220 943 1479 1004 fervens.
1562 948 1805 1028 iamque
1836 954 2031 1013 omnis
2057 956 2120 1013 in
2147 958 2323 1022 illum

562 1039 734 1097 turba
764 1041 915 1116 coit,
965 1061 1170 1104 causas
1203 1047 1448 1129 cupiens
1482 1066 1839 1127 cognoscere
1870 1072 2069 1114 rerum

562 1159 1026 1224 responsumque
1056 1146 1170 1203 feri
1205 1149 1562 1208 referentem
1594 1150 1799 1212 audire
1821 1158 2082 1234 tyranni.

562 1250 623 1299 et
646 1254 919 1322 metuunt
941 1266 1020 1305 ne
1045 1239 1256 1327 paceni
1281 1260 1443 1326 oret,
1488 1271 1629 1312 cum
1663 1250 1859 1313 dicere
1887 1259 2085 1320 iussus

390 1338 519 1405 315
558 1346 756 1421 paruit
784 1357 844 1405 et
867 1348 1103 1427 placido
1132 1354 1217 1410 sic
1245 1355 1440 1433 coepit
1461 1356 1778 1414 Amantius
1807 1376 1929 1415 ore.

554 1431 795 1506 “omnia
827 1469 979 1531 quae
1005 1449 1287 1513 dominus
1308 1454 1536 1514 famulo
1562 1461 1862 1537 praeoepit
1893 1457 2246 1545 adimplens,

560 1549 836 1625 gentibus
858 1553 922 1609 in
949 1552 1195 1630 mediis,
1240 1566 1480 1635 portans
1503 1556 1819 1633 mandata,
1865 1565 2129 1641 cucurri3

557 1655 1024 1735 perveniensque
1050 1657 1246 1715 ferum
1267 1657 1394 1719 vidi
1419 1661 1530 1719 sub
1556 1682 1704 1740 rupe
1727 1670 2049 1742 tyrannum

558 1754 859 1813 montibus
879 1758 943 1814 in
970 1762 1241 1819 summis.
1326 1771 1469 1820 tunc
1497 1773 1705 1823 evocat
1728 1764 1833 1821 ille
1861 1765 2114 1828 rebelles

384 1851 513 1916 320
555 1872 690 1913 aere
720 1857 916 1916 ciens:
960 1878 1135 1919 cursu
1160 1860 1367 1942 rapido
1395 1867 1699 1926 Maurusia
1721 1865 1896 1924 turba

556 1957 827 2034 confluit,
871 1970 932 2019 et
956 1964 1161 2041 nigrae
1188 1965 1371 2025 facies
1394 1968 1648 2026 tentoria
1674 1969 1993 2047 complent,

558 2068 624 2116 ut
647 2060 950 2140 quondam
973 2066 1175 2123 Ditem
1203 2078 1507 2128 moturum
1530 2070 1761 2149 proelia
1786 2070 1939 2130 divis
1977 2114 2005 2143 .

555 2163 873 2221 concilium
897 2165 1108 2225 fecisse
1138 2167 1369 2246 ferunt,
1415 2182 1474 2230 et
1495 2173 1664 2231 mille
1689 2191 1799 2252 per
1827 2172 2058 2252 amplas

551 2274 812 2323 monstra
840 2269 970 2327 vias
998 2272 1232 2330 venisse
1249 2315 1265 2346 ‚
1309 2271 1581 2352 Hydram
1611 2275 1960 2356 tristemque
1994 2279 2376 2363 Megaeram‚·

382 2362 511 2429 825
554 2376 729 2446 atque
763 2366 1035 2429 Char-ona
1064 2392 1272 2432 senem
1301 2373 1533 2434 deserta
1560 2395 1796 2435 currere
1834 2379 2068 2457 cymba,

547 2468 944 2548 Tisiphonem
969 2474 1233 2534 validam
1261 2477 1515 2540 flmnmis
1542 2487 1603 2535 et
1628 2477 1889 2556 pondere
1914 2483 2127 2559 pinum

551 2584 932 2652 quassantem
947 2621 963 2651 ,
1004 2579 1216 2637 Alecto
1246 2580 1414 2639 tortis
1441 2580 1700 2640 saevisse
1726 2577 2047 2660 chelydris,

549 2694 818 2758 quaeque
856 2680 966 2736 sub
994 2682 1226 2761 ingenti
1252 2682 1438 2741 facies
1458 2664 1864 2742 monstrantur
1893 2686 2156 2744 Averno.

549 2762 730 2859 utque
759 2778 974 2840 ducem
1000 2787 1245 2844 veniens
1272 2783 1527 2844 densum
1554 2788 1939 2844 circumstetit
1966 2805 2204 2866 agmen,

376 2882 508 2945 330
549 2881 763 2938 obtulit
789 2883 918 2960 ipse
945 2884 1160 2942 sedens
1188 2902 1532 2942 consessum
1559 2900 1652 2942 ex·
1670 2889 1907 2963 agmine
1934 2886 2153 2966 dignis.

546 2983 651 3039 ille
683 2987 884 3041 tamen
911 2982 1150 3043 mediu's
1170 2983 1330 3043 sedit
1358 2985 1727 3062 praefectus3
1771 2996 1831 3045 et
1859 2992 2054 3049 omnis

551 3086 842 3163 aspiciens
872 3085 1078 3165 rapido
1102 3085 1367 3147 tumidus
1394 3089 1487 3146 sic
1506 3090 1737 3147 intonat
1771 3110 1892 3148 ore.

541 3179 824 3264 ‘legatos‚
869 3207 1142 3267 proceres
1157 3231 1176 3263 ‚
1219 3187 1366 3247 dura
1397 3200 1457 3247 et
1480 3189 1762 3250 mandata
1787 3190 2070 3251 Iohannis

549 3290 877 3366 suscipiens
900 3308 1007 3349 vos
1029 3310 1206 3350 nosse
1231 3292 1368 3350 volo
1384 3336 1402 3367 ‚
1447 3293 1790 3373 cunctisque
1815 3295 2160 3373 loquentem

377 3387 508 3453 385
546 3387 899 3449 mandatmn
922 3402 1252 3452 monstrare
1277 3397 1495 3454 virum.
1577 3414 1687 3453 vos
1714 3396 1952 3453 auribus
1978 3397 2151 3454 illum

548 3492 791 3551 intentis
826 3492 1025 3561 audite
1049 3496 1287 3574 palam3
1332 3507 1393 3554 et
1425 3495 1721 3554 decernite
1739 3541 1755 3570 ,
1799 3498 1850 3553 si
1879 3494 2024 3575 quid

551 3604 641 3652 est
663 3596 862 3653 animo
886 3595 1107 3673 fixmn,
1152 3616 1365 3676 paoem
1389 3599 1696 3657 bellumne
1724 3590 2046 3677 petamus.'
2120 3636 2124 3643 ·

549 3700 868 3776 permisere
892 3699 1063 3780 loqui
1078 3744 1095 3776 ‚
1142 3698 1460 3782 digitisque
1488 3702 1724 3761 silentia
1747 3701 1968 3777 linguis

493 3810 503 3829 ⁸
546 3801 880 3879 iinposuere
912 3803 1057 3861 suis.
1148 3800 1320 3863 docui
1347 3812 1664 3883 praecepta
1687 3802 1948 3860 iubentis

373 3897 506 3965 340
546 3903 827 3982 principis
852 3914 911 3963 et
936 3921 1199 3964 morem:
1243 3907 1433 3984 pietas
1460 3914 1529 3964 ut
1554 3923 1774 3984 magna
1801 3904 2059 3983 regentis

374 4049 485 4102 310
514 4048 658 4104 flexit
682 4053 733 4105 '1'
900 4053 1000 4109 315
1036 4052 1111 4106 sic
1132 4054 1303 4125 coepit
1323 4056 1446 4109 aad.
1471 4056 1535 4109 Μ
1685 4055 1789 4110 317
1820 4053 1971 4107 medii
2000 4056 2051 4108 T
2199 4057 2303 4111 320
2335 4074 2454 4111 aere
2477 4058 2552 4123 M,

373 4125 531 4171 nocte
559 4121 609 4171 Τ
758 4122 862 4177 324
891 4123 1094 4176 uenisse
1115 4124 1224 4177 uias
1247 4126 1389 4193 apud
1410 4127 1495 4181 Με
1528 4123 1846 4195 transposuit
1866 4125 1913 4176 L
2058 4123 2161 4179 325
2195 4142 2260 4180 ac
2279 4142 2467 4202 caroea
2493 4128 2553 4192 Τ,

371 4200 440 4239 α
461 4188 722 4242 Charonta
741 4190 806 4243 M
970 4193 1096 4249 ibid.
1129 4194 1333 4246 terniba
1360 4195 1411 4247 Τ
1589 4197 1702 4253 829
1728 4192 2042 4247 circumstitit
2066 4196 2118 4246 Τ
2296 4197 2396 4250 831
2433 4210 2555 4265 pre-

367 4263 547 4309 seetus
570 4260 621 4311 Τ
803 4260 910 4315 384
940 4261 1218 4332 suspiciens
1237 4265 1381 4334 apud
1402 4264 1464 4318 M
1649 4265 1752 4320 337
1785 4263 1986 4319 bellone
2010 4263 2123 4317 MT
2298 4264 2401 4317 338
2435 4278 2557 4332 pro-

368 4325 556 4381 misere
574 4326 711 4397 loqui
732 4328 1000 4401 dignisque
1025 4332 1090 4384 T.
