3210 5200
593 409 607 422 ’
671 431 775 526 98
1600 453 1941 525 CORIPPI

675 620 803 688 905
846 630 1185 702 contempto
1216 616 1403 702 pedes
1431 617 1559 680 ibat
1586 640 1773 702 equo,
1818 620 2141 702 turbasque
2167 621 2436 682 tribunus

836 718 1100 783 'hostiles
1131 722 1432 783 sternebat
1456 742 1673 799 ovans3
1719 724 1961 805 iamque
1987 725 2093 783 ille
2120 727 2427 783 Nusautan

845 825 1084 885 fuderat
1113 835 1174 883 et
1199 825 1487 884 Tiseran:
1529 825 1778 883 Tiseras
1807 821 1882 880 de
1906 825 2085 903 plebe
2113 829 2344 903 rebelli,

846 929 1194 988 Mansitalas
1218 928 1499 1007 pinnatus
1527 936 1677 984 erat.
1762 935 1904 984 tunc
1929 929 2112 1013 mittit
2140 927 2219 989 ad
2248 930 2490 989 umbras

845 1032 1143 1089 immitem
1166 1028 1457 1106 Sangrin3
1500 1023 1805 1086 tumidum
1835 1032 2184 1109 compressit
2207 1033 2521 1104 Amnum,

674 1135 801 1199 910
842 1144 903 1190 et
934 1129 1173 1189 Garafin
1200 1130 1551 1210 Tilifanque
1580 1128 1733 1188 duos
1755 1149 1864 1208 per
1889 1131 2138 1192 vulnera
2162 1133 2377 1192 fratres

843 1236 1050 1295 stravit
1075 1231 1268 1291 humi.
1352 1233 1539 1291 frater
1561 1234 1919 1290 morientem
1944 1232 2095 1293 vidit
2118 1246 2371 1319 uterque

845 1353 1201 1416 germanum
1228 1334 1515 1393 moriens.
1600 1331 1918 1394 doluerunt
1943 1347 2181 1416 pectora
2209 1339 2439 1412 matris,

844 1451 1115 1518 tempore
1139 1446 1268 1494 tam
1293 1438 1475 1514 longo
1499 1436 1698 1496 tristes
1721 1457 1968 1516 passura
1995 1438 2252 1500 dolores.

847 1539 1012 1599 hunc
1036 1538 1243 1619 procul
1269 1536 1579 1598 ardentem
1611 1561 1860 1601 cernens
1882 1561 1918 1600 a
1946 1544 2100 1602 colle
2123 1541 2370 1603 Sidasen

678 1640 808 1709 915
851 1642 1064 1702 obvius
1093 1643 1181 1699 ire
1205 1650 1396 1720 parat.
1480 1651 1623 1700 tunc
1656 1644 1890 1722 Syrtica
1919 1643 2213 1704 contrahit
2244 1663 2430 1718 anna,

849 1745 1423 1823 magnanimumque
1451 1743 1632 1822 petit,
1675 1744 2006 1804 ferventem
2034 1744 2248 1821 caede,
2292 1747 2615 1814 tribunum,

848 1865 1031 1928 quem
1055 1862 1340 1903 munet-us
1367 1845 1675 1924 virtusque
1701 1847 1941 1924 premit.
2029 1848 2381 1906 circumfluit
2407 1848 2593 1903 hostis

847 1945 1101 2021 densus,
1147 1956 1204 2004 et
1232 1947 1465 2003 iniectis
1489 1948 1836 2026 perturbant
1858 1946 2125 2030 undique
2151 1950 2309 2008 telis.

847 2050 1106 2128 infigunt
1135 2048 1475 2127 feriuntque
1504 2049 1724 2108 virum.
1809 2058 1952 2108 tunc
1975 2052 2143 2109 mille
2173 2059 2546 2131 peremptum

677 2157 804 2222 920
844 2150 1048 2212 hostes
1073 2150 1418 2208 vulneribus
1439 2150 1639 2211 media
1667 2164 1928 2212 stravere
1954 2174 2063 2234 per
2088 2172 2252 2211 arva.

931 2256 1202 2315 Verterat
1234 2254 1503 2331 expulsis
1532 2255 1689 2314 acies
1717 2274 1826 2335 per
1860 2255 2033 2315 devia
2055 2257 2265 2334 siguis,

847 2343 1284 2437 impuleratque
1317 2353 1499 2413 duces
1526 2366 1718 2415 terror
1744 2369 1878 2437 post
1902 2368 2070 2436 terga
2097 2357 2315 2416 redire.

847 2460 956 2521 sed
980 2457 1191 2517 ductor
1219 2476 1544 2537 properans
1562 2504 1577 2534 ,
1622 2458 1758 2519 fidis
1787 2461 2205 2518 comitantibus
2237 2479 2356 2517 una

852 2561 1164 2642 armigeris
1181 2605 1199 2636 ,
1240 2561 1428 2619 victos
1458 2558 1649 2619 socios
1674 2561 1891 2620 virtute
1915 2561 2159 2622 levavit.

678 2667 806 2736 925
847 2665 948 2725 hic
974 2666 1240 2745 primum
1266 2664 1607 2743 ensipotens
1632 2681 1913 2742 rumpens
1941 2665 2183 2723 inimica
2215 2661 2513 2722 Iohannes

848 2769 1122 2847 agmina,
1162 2765 1454 2824 fulminco
1482 2761 1746 2822 Madden
1780 2785 1891 2844 per
1920 2778 2158 2845 pectora
2187 2767 2312 2845 pilo

849 2865 1249 2928 transfodiens
1284 2868 1601 2945 prostravit
1635 2863 1804 2924 humi
1833 2868 2169 2948 fortemque
2195 2869 2526 2945 Magargun

849 2981 910 3030 et
940 2967 1153 3028 Taden
1187 2976 1247 3025 et
1280 2967 1527 3026 Meilan.
1611 2977 1744 3024 tum
1770 2976 1893 3026 toto
1925 2988 2168 3049 corpore
2193 2970 2400 3047 Fugen

850 3068 1112 3130 Ariarith
1140 3070 1447 3146 ingentem
1477 3066 1789 3127 detruncat
1815 3071 2063 3129 vulnere
2080 3116 2098 3147 ,
2139 3073 2375 3129 Mestan

675 3178 802 3241 980
844 3194 986 3233 ense
1016 3180 1168 3231 rotat
1193 3189 1516 3248 maguum,
1561 3183 1622 3230 et
1652 3183 1891 3231 vertens
1925 3194 2035 3254 per
2065 3175 2337 3254 gramina
2367 3175 2588 3232 collum

846 3276 1065 3335 corruit
1090 3273 1405 3332 Altiserae.
1488 3276 1690 3334 vultus
1716 3276 1780 3334 in
1805 3287 2042 3355 pectora
2067 3276 2311 3345 zambri

848 3395 1125 3457 percussa
1159 3378 1388 3433 cervice
1423 3388 1632 3453 ruunt3
1677 3378 2104 3460 stomachoque
2128 3389 2472 3459 peremptus

847 3481 1092 3537 flumina
1122 3478 1297 3537 rubra
1331 3479 1518 3537 vomit
1542 3480 1779 3557 Roffast,
1823 3492 2003 3564 atque
2033 3483 2137 3540 ilia
2162 3482 2409 3561 pulsans

849 3582 1136 3639 extremis
1166 3579 1463 3653 Athiman,
1484 3584 1842 3662 singultibus
1867 3603 1970 3643 ore
1993 3586 2264 3645 vocabat.

679 3683 806 3749 935
933 3687 1094 3742 Haut
1120 3685 1327 3763 procul
1353 3683 1493 3743 inde
1521 3687 1703 3765 Ziper
1724 3685 1993 3745 medium
2018 3688 2288 3746 currebat
2312 3687 2372 3744 in
2403 3706 2609 3765 agrum

762 3834 769 3851 f
848 3785 1242 3868 turbabatque
1273 3788 1463 3863 viros,
1509 3809 1727 3867 cogens
1751 3790 1815 3846 in
1840 3799 2028 3847 castra
2056 3789 2271 3848 redire.

847 3888 952 3945 ille
978 3892 1114 3947 neci
1146 3889 1356 3949 Ialdan
1386 3889 1791 3971 Tusdrunque
1818 3893 2132 3971 Arcanque
2152 3888 2470 3970 Nadosque

851 4002 1044 4050 morte
1075 3990 1239 4051 dedit
1269 3995 1430 4051 varia
1448 4036 1465 4068 ‚
1509 3991 1617 4051 sed
1649 3994 1806 4052 valle
1831 3994 2065 4051 necavit
2091 3994 2156 4051 iu
2182 4011 2325 4050 una.

679 4140 781 4196 905
815 4145 1060 4195 contento
1082 4141 1217 4213 pede
1241 4144 1293 4197 '1'
1442 4142 1549 4196 907
1580 4140 1754 4194 tisiran
1780 4143 1831 4195 Τ
1984 4144 2088 4198 909
2120 4143 2184 4196 im
2221 4141 2373 4196 remit
2395 4143 2469 4210 T,
2503 4138 2558 4195 vi
2578 4140 2769 4213 pressit
2787 4141 2867 4194 Lx

677 4212 744 4263 cf.
791 4211 827 4264 4
869 4213 989 4267 989.
1213 4213 1316 4265 911
1372 4217 1645 4279 utrumque
1691 4212 1741 4263 Τ
1943 4213 2047 4266 919
2106 4213 2272 4282 mile]
2332 4212 2419 4265 itte
2466 4213 2541 4281 T,
2595 4218 2760 4265 morte
2807 4210 2874 4263 M

675 4280 778 4335 92⁵
812 4279 1055 4350 rumpetis
1082 4277 1278 4331 inimica
1303 4278 1534 4333 iohannis
1560 4281 1612 4332 Τ
1798 4276 1901 4334 928
1934 4297 2068 4337 nono
2092 4300 2158 4356 po
2225 4298 2316 4335 ore
2341 4283 2392 4334 Τ
2579 4281 2684 4335 929
2715 4279 2869 4331 dete·

673 4354 768 4414 gat.
794 4348 844 4399 Τ
1030 4347 1138 4403 930
1166 4357 1350 4402 uertex
1378 4350 1428 4402 Τ
1615 4348 1719 4404 933
1751 4348 1854 4403 alia
1879 4350 1931 4405 Τ
2108 4300 2221 4407 93
2246 4367 2338 4406 ora
2367 4352 2418 4406 Τ
2580 4350 2685 4405 938
2716 4367 2869 4402 scca·

678 4415 752 4468 vit
779 4416 1024 4487 apaan.
