3210 5200
610 1133 1619 1247 IMMANUELIS
1702 1133 2398 1242 BEKKERI

1047 1346 1119 1431 P
1149 1344 1232 1429 R
1261 1346 1344 1431 A
1374 1344 1447 1430 E
1482 1344 1550 1428 F
1580 1340 1846 1429 ATI
1880 1339 1987 1428 O.

417 1768 585 1904 Qui
622 1802 757 1870 hoc
799 1802 1135 1872 volumine
1181 1803 1840 1896 comprehenduntur
1883 1808 2129 1893 poetae
2169 1806 2238 1869 et
2277 1807 2496 1870 aetate
2540 1811 2606 1872 et

407 1932 813 2017 argumento
853 1924 1028 1991 inter
1070 1947 1140 1991 se
1180 1925 1460 2011 similes,
1515 1924 1808 1990 criticam
1840 1930 2093 1989 tantum
2125 1922 2314 1989 abest
2340 1931 2415 1989 ut
2440 1946 2606 2014 per-

405 2043 565 2110 inde
605 2043 966 2110 habuerint
1002 2045 1399 2135 propitiam,
1451 2054 1526 2111 ut
1563 2042 2018 2110 Merobaudes
2072 2042 2265 2110 simul
2311 2042 2609 2112 inventus

405 2162 490 2230 sit
516 2171 582 2230 et
613 2162 1067 2230 sollertissime
1098 2174 1235 2231 tam
1266 2163 1653 2232 emendatus
1684 2186 1883 2252 quam
1915 2163 2285 2254 suppletu3‚
2322 2160 2608 2255 Corippi

409 2292 715 2351 neutrum
757 2305 1062 2370 carmen,
1115 2307 1240 2351 nec
1278 2284 1464 2374 quod
1495 2295 1649 2351 ante
1682 2305 1890 2350 annos
1929 2281 2249 2348 ducentos
2278 2282 2609 2371 quinqua-

418 2403 599 2491 ginta
622 2401 1036 2494 publicatum
1070 2402 1430 2472 multorum
1462 2403 1849 2471 industriam
1885 2401 2208 2486 exercuit,
2263 2422 2388 2467 nec
2422 2401 2608 2489 quod

422 2542 639 2612 nuper
683 2529 1021 2613 repertum
1068 2543 1153 2595 ex
1189 2524 1382 2591 unius
1417 2524 1718 2590 manibus
1744 2519 2022 2614 prodiit,
2079 2527 2192 2585 aut
2225 2520 2424 2586 facile
2455 2522 2609 2588 satis

421 2648 535 2706 aut
571 2648 713 2707 tuto
755 2641 1032 2732 legatur.
1138 2663 1265 2707 nec
1310 2643 1564 2709 mireris
1605 2641 1896 2729 iniquam
1938 2638 2293 2705 Africanae
2320 2661 2608 2730 poeseos

419 2758 909 2846 condicionem,
946 2746 1022 2826 'si
1064 2761 1477 2852 reputaveris
1517 2761 1695 2829 setus
1742 2759 1878 2826 eius
1919 2758 2215 2849 singulos
2254 2761 2524 2852 singulis
2570 2784 2607 2828 e

410 2879 593 2946 libris
624 2881 1049 2970 provenisse,
1100 2882 1310 2970 iisque
1340 2904 1463 2948 nec
1496 2880 1695 2947 valde
1725 2880 1912 2946 bonis
1944 2902 2164 2969 neque
2197 2903 2237 2945 a
2269 2903 2608 2970 quoquam

410 3001 719 3091 inspectis
750 3009 911 3092 post
937 3001 1188 3092 primos
1221 3001 1542 3085 editores,
1588 2999 1894 3068 homines
1925 3000 2424 3068 litteratissimos
2456 3000 2606 3068 illos

413 3119 719 3209 quidem,
790 3119 914 3188 sed
968 3121 1084 3212 qui
1128 3120 1477 3189 Niebuhrii
1519 3120 1858 3211 ingenium
1901 3144 2037 3187 non
2079 3121 2605 3211 aequipararent.

410 3239 651 3306 horum
678 3249 816 3331 ego
843 3240 1366 3308 mediocritatem
1393 3262 1524 3308 non
1551 3249 1816 3309 evectus
1845 3241 2027 3308 locos
2055 3250 2405 3330 corruptos
2431 3264 2606 3332 pau-

415 3381 532 3427 cos
572 3362 758 3452 attigi
798 3370 867 3427 et
900 3361 1022 3449 qui·
1051 3360 1581 3428 emendationem
1621 3369 1869 3428 certam
1904 3359 2157 3426 habere
2190 3360 2607 3428 viderentur:

410 3479 641 3569 plures
685 3479 1131 3547 Lachmanno
1174 3479 1610 3548 restituendos
1653 3480 2152 3560 commendavi,
2206 3504 2455 3572 magna
2483 3504 2605 3572 spe

415 3619 550 3663 nec
590 3598 771 3666 falsa.
890 3601 1362 3667 commentaria
1402 3600 1622 3689 qualia
1667 3599 1884 3666 inveni
1920 3599 2191 3686 reliqui,
2258 3601 2379 3667 nisi
2418 3601 2605 3690 quod

410 3716 751 3803 ordinem,
804 3719 1016 3787 sicubi
1057 3721 1269 3788 minus
1318 3719 1709 3789 commodus
1745 3728 1947 3805 esset,
1998 3719 2372 3806 immutavi,
2424 3721 2608 3788 velut

410 3838 666 3906 codicis
706 3838 1095 3908 Trivultiani
1137 3841 1453 3908 lectiones
1500 3840 1709 3908 textui
1742 3840 1993 3906 subieci
2030 3848 2096 3906 et
2128 3863 2300 3929 quae
2330 3840 2605 3908 Ruizius

405 3957 851 4049 Dempsterus
878 3959 1193 4029 Barthius
1224 3961 1703 4029 Rittershusius
1729 3959 2067 4027 Vonckius
2097 3958 2473 4058 Fogginius
2518 3959 2606 4026 de

420 4077 659 4145 eodem
696 4100 893 4147 versu
936 4081 1427 4173 adscripserant
1458 4105 1593 4150 non
1626 4105 1772 4150 sum
1802 4104 2038 4172 passus
2076 4079 2319 4148 divelli.
2424 4081 2610 4148 locos

416 4192 853 4288 VirgilianoS‚
918 4225 1086 4291 quos
1137 4203 1455 4294 plurimos
1503 4203 1720 4270 attulit
1763 4199 2365 4286 Mazzucchellius,
2432 4194 2608 4263 indi-

403 4317 598 4402 cavi,
645 4342 782 4387 non
823 4329 1000 4390 totos
1032 4324 1253 4413 posui.
1355 4321 1711 4419 periochas
1742 4322 2007 4392 alterius
2039 4320 2341 4389 carminis
2370 4315 2608 4385 invitus

498 4439 701 4497 Merob.
748 4451 800 4497 σε
844 4444 963 4497 Cor.
2161 4441 2191 4497 1
