3210 5200
619 322 766 397 294
1030 326 1314 392 NOTAE
1361 324 1451 391 IN
1501 325 1894 392 PRAEFAT.
1945 327 2398 394 LIBRORUM

616 492 1001 550 intellexerit.
1088 489 1323 567 scripsit
1349 487 1639 566 corippus
1665 486 1776 546 sub
1805 488 1970 546 sedes
1993 490 2156 548 dedic
2187 512 2307 548 esse
2332 502 2491 548 tuas.-
2536 491 2801 570 loquitur

617 579 779 634 enim
809 574 883 633 de
910 569 1262 633 iamdudum
1294 572 1406 629 fati
1433 572 1850 631 benevolentia
1876 573 2113 632 subdito
2139 577 2391 654 imperio
2418 578 2643 633 Iustino
2670 594 2797 637 suo.

616 661 904 719 eruditior
940 678 1083 718 sane
1128 659 1437 737 scriptura.
1535 666 1596 715 et
1650 654 1798 736 quid
1845 661 2108 717 venisset
2147 661 2212 716 in
2255 669 2519 717 mentem
2558 660 2796 717 librario

606 746 867 823 pedihus
904 742 1067 800 sedes
1104 742 1490 814 substituere,
1540 743 1592 799 si
1636 743 1967 800 faciliorem
2011 763 2224 802 vocem
2257 747 2320 801 in
2353 745 2503 801 libro
2533 745 2798 801 iuvenis-

615 827 750 887 set?
837 829 1109 886 allusisse
1140 846 1300 901 vero,
1343 846 1508 884 more
1537 846 1666 900 suo,
1714 828 2002 906 corippus
2026 826 2264 886 videtur
2291 828 2517 886 dictum
2546 830 2608 890 S.
2636 829 2796 886 Scri-

614 925 823 992 pturae
854 915 916 969 in
949 913 1240 973 Psalmis:
1283 911 1417 969 sede
1448 910 1537 970 ad
1569 911 1842 969 dextram
1875 931 2097 983 meant„
2138 912 2322 973 donec
2337 934 2568 990 ponam
2593 913 2800 969 inimi-

616 1019 714 1055 cos
740 1009 871 1055 mos
895 995 1224 1054 scabellum
1238 996 1466 1073 pedum
1491 1006 1748 1054 tuorum.
1841 994 2003 1076 quod
2024 998 2099 1056 ab
2125 1008 2363 1056 aeterno
2389 1018 2529 1076 rege
2552 998 2695 1056 scite
2720 993 2800 1054 ad

616 1086 1034 1162 imperatorem
1064 1100 1243 1140 suum
1272 1079 1623 1162 traduxerit.
1710 1083 1958 1139 Bsnrn.

782 1171 843 1229 8.
931 1165 1453 1244 decrescereficit]
1499 1185 1609 1243 per
1632 1176 1839 1223 mutua
1864 1167 2147 1223 nimirum
2169 1166 2416 1244 praelia,
2461 1183 2617 1244 quae
2643 1166 2802 1222 inter

614 1272 680 1310 se
702 1253 1087 1325 miscuerunt,
1112 1247 1277 1332 quod
1306 1251 1669 1309 enucleatius
1698 1256 1873 1329 poeta
1899 1252 2146 1329 exponit
2161 1271 2219 1308 v.
2242 1255 2320 1313 12
2336 1260 2396 1307 et
2415 1269 2585 1330 seqq.
2629 1251 2802 1307 Mar-

616 1338 774 1394 tialis
800 1341 839 1400 7
882 1336 963 1399 53
1007 1340 1083 1400 6:
1128 1335 1425 1392 decrevere
1444 1355 1684 1415 greges,
1710 1355 1846 1392 cum
1878 1336 2038 1392 cadit
2059 1356 2228 1414 agna
2239 1335 2550 1413 frequens.
2595 1335 2798 1392 Foco.

788 1419 850 1482 4.
938 1417 1013 1478 de
1049 1419 1347 1478 Avaribns
1385 1422 1542 1478 iuter
1576 1421 1729 1478 alias
1768 1419 2047 1478 barbaras
2091 1429 2295 1496 gentes
2333 1420 2568 1478 etiamsi
2603 1419 2804 1478 multa

615 1506 839 1564 mentio
864 1504 965 1562 fiat
990 1507 1057 1564 in
1082 1502 1198 1563 hoc
1222 1505 1463 1583 Corippi
1487 1511 1762 1583 poemate
1782 1549 1800 1579 ,
1843 1525 1964 1563 non
1987 1514 2189 1572 tamen
2220 1506 2322 1583 qui
2347 1514 2446 1561 ant
2469 1501 2629 1560 unde
2654 1505 2799 1577 siut,

615 1591 795 1667 longa
846 1587 1181 1668 diffusaque
1225 1590 1562 1646 narratione
1611 1587 1840 1662 dicam,
1884 1599 2015 1646 tum
2051 1586 2212 1667 quod
2244 1607 2357 1666 ego
2387 1607 2507 1645 non
2545 1605 2643 1644 me
2678 1588 2802 1645 Co-

618 1676 774 1752 rippi
814 1674 1063 1751 plenum
1105 1669 1486 1729 scholiastem
1527 1672 1708 1730 modo
1748 1692 1926 1750 agere
1956 1674 2265 1752 profitear,
2307 1684 2437 1730 tmn
2462 1691 2603 1729 vero
2637 1670 2802 1751 quod

615 1759 772 1815 inter
810 1758 959 1814 alios
1004 1765 1275 1824 auctores
1315 1758 1609 1832 Evagrius
1643 1757 1682 1819 6
1712 1758 1945 1815 Eccles.
1987 1755 2130 1815 hist.
2174 1757 2405 1816 Abaros
2448 1756 2576 1836 (ita
2614 1758 2800 1830 enim,

615 1851 680 1897 ut
720 1840 992 1919 plerique
1033 1841 1171 1914 alii,
1216 1837 1474 1897 declinat
1518 1851 1579 1899 et
1626 1840 1871 1919 scribit)
1918 1852 1977 1899 et
2025 1851 2205 1919 gente
2249 1839 2644 1919 Scytharum,
2691 1843 2796 1920 qui

616 1925 976 1982 Hamaxobii
1004 1927 1227 2005 quique
1255 1942 1427 2002 agros
1452 1923 1610 1983 ultra
1627 1927 1957 1986 Caucasum
1981 1927 2241 1984 iacentes
2269 1926 2562 2000 accolunt,
2590 1927 2796 1983 oriun-

617 2008 726 2066 dos
754 2028 884 2067 esse
912 2019 1131 2067 narrat.
1189 2007 1356 2067 fuere
1385 2029 1526 2067 vero
1550 2012 1774 2068 Avares
1806 2030 1962 2068 anno
1992 2012 2230 2089 imperii
2256 2012 2470 2069 lustini
2502 2021 2707 2089 quarto
2729 2012 2797 2067 in

616 2091 893 2151 Thraciis
924 2091 1144 2151 devicti
1167 2113 1275 2171 per
1296 2093 1614 2152 Tiberium
1639 2094 2052 2153 excubitorum
2083 2098 2381 2167 comitem,
2414 2096 2521 2174 qui
2549 2092 2621 2152 de
2647 2096 2790 2172 ipsis

618 2178 1051 2257 amplissimam
1089 2180 1399 2235 victoriam
1440 2179 1676 2257 Cpolim
1727 2182 2081 2259 reportavit,
2143 2189 2212 2238 ut
2249 2182 2450 2258 Victor
2482 2181 2791 2257 episcopus

618 2265 963 2322 Tunnensis
1005 2265 1070 2320 in
1109 2262 1347 2336 Africa,
1391 2265 1518 2321 eius
1560 2266 1769 2322 aetatis
1800 2265 2079 2342 scriptor,
2122 2274 2370 2324 testatur
2400 2266 2463 2321 iu
2491 2262 2797 2324 chronicis

621 2345 699 2404 ad
741 2348 1069 2405 Eusebium
1107 2347 1372 2426 aliosque
1426 2367 1632 2406 secum
1672 2358 1939 2407 auctores
1983 2347 2253 2408 adiectis.
2334 2347 2403 2408 id
2441 2347 2639 2408 adhuc
2678 2346 2795 2407 hoc

616 2432 751 2492 loco
768 2477 786 2508 ,
830 2432 937 2491 ubi
961 2433 1223 2512 primum
1243 2451 1466 2490 nomen
1491 2434 1759 2511 ipsorum
1782 2437 2049 2492 Avarum
2089 2435 2338 2492 occurrit
2353 2476 2373 2508 ‚
2425 2433 2792 2511 significabo,

618 2537 855 2596 semper
882 2519 946 2575 in
978 2528 1178 2576 nostro
1201 2536 1298 2575 ms
1323 2519 1656 2597 exemplari
1680 2538 1790 2597 per
1817 2539 1858 2577 ν
1882 2519 2144 2576 litteram
2173 2530 2592 2577 consonantem
2610 2561 2630 2592 ,
2670 2538 2795 2577 non

616 2613 819 2661 autem
869 2623 978 2683 per
1013 2600 1050 2659 b
1096 2602 1250 2681 legi,
1309 2604 1485 2662 sicuti
1537 2600 1699 2682 apud
1753 2605 2069 2684 plerosque
2113 2615 2379 2664 auctores
2426 2602 2631 2663 videre
2681 2614 2792 2662 est.

615 2689 801 2745 Rmz.
883 2688 1151 2758 Avares,
1196 2706 1449 2768 quorum
1478 2685 1795 2767 descriptio
1819 2688 1980 2768 apud
2006 2691 2339 2766 elegantem
2368 2689 2567 2747 ultimi
2591 2690 2794 2747 Latini

617 2774 751 2828 aevi
794 2782 992 2830 vatem
1044 2773 1396 2852 Corippum,
1451 2773 1689 2852 Ungari
1725 2794 1845 2832 non
1886 2776 2016 2833 sine
2045 2778 2271 2832 ratione
2299 2771 2578 2833 videntur
2603 2793 2638 2831 a
2666 2776 2793 2832 Go-

615 2853 876 2914 thol'rido
915 2857 1272 2916 viterbiensi
1310 2855 1672 2935 chronologo
1719 2859 2023 2937 appellati.
2105 2861 2171 2918 in
2210 2877 2395 2937 quam
2440 2878 2568 2917 rem
2612 2877 2790 2936 prae-

615 2959 752 2998 sens
790 2942 1029 3015 venies,
1069 2943 1120 2998 si
1158 2938 1681 3021 Theophylactum
1707 2944 2072 3002 Simocatam
2110 2941 2358 3001 historia
2387 2945 2658 3005 Mauricii
2695 2944 2791 3001 le-

614 3026 794 3102 geris.
875 3023 1149 3084 eiusdem
1188 3028 1273 3084 rei
1313 3036 1571 3085 assertor
1609 3027 1782 3085 nobis
1811 3038 1899 3085 est
1930 3046 2168 3107 quoque
2197 3026 2640 3105 Meginfredus,
2683 3028 2787 3107 qui

614 3119 753 3166 ante
794 3128 981 3168 annos
1023 3121 1336 3170 sexcentos
1370 3108 1682 3169 historiam
1712 3114 2080 3171 Emmerami
2114 3114 2366 3191 scripsit.
2454 3114 2634 3172 verba
2659 3115 2790 3171 eius

614 3204 790 3253 sunt:
848 3195 1000 3250 inter
1039 3198 1355 3272 angustias
1392 3193 1777 3274 disceptantis
1813 3198 2200 3255 conscientiae
2234 3197 2542 3274 per-buum
2584 3209 2671 3254 est
2703 3198 2798 3255 ad

614 3299 747 3336 eum
774 3276 1041 3349 Avares,
1082 3301 1228 3359 quos
1260 3280 1403 3338 aliis
1428 3280 1769 3341 nominibus
1792 3284 2014 3341 Hunos
2040 3294 2094 3339 et
2125 3284 2360 3360 Ungros
2380 3281 2759 3360 appellamus
2763 3322 2789 3351 ,

615 3364 968 3421 Pannoniae
994 3364 1262 3422 incolatu
1288 3365 1664 3424 idololatriae
1695 3367 1965 3447 squalere
1996 3379 2252 3437 veter-tw,
2295 3377 2353 3423 et
2378 3368 2445 3426 in
2467 3368 2600 3424 luce
2623 3366 2791 3424 mul-

614 3458 813 3505 tamm
837 3448 909 3506 id
931 3449 1192 3507 locorum
1214 3453 1485 3529 gentium
1512 3451 1673 3511 hanc
1693 3452 1884 3511 solam
1914 3454 2181 3511 vernam
2209 3451 2367 3511 diem
2396 3473 2516 3510 non
2545 3449 2779 3513 habere.

613 3530 774 3590 idem
817 3536 998 3592 sentit
1042 3537 1334 3594 Iuvencus
1377 3534 1632 3595 Caedius
1674 3538 1961 3598 calanus:
2004 3538 2255 3607 Hunni,
2295 3538 2405 3614 qui
2436 3547 2493 3595 et
2517 3536 2783 3605 Avares,

606 3638 768 3675 mmo
795 3629 994 3676 autem
1030 3620 1289 3699 Unger-i,
1331 3623 1398 3677 in
1428 3621 1645 3680 ultim
1667 3622 1972 3681 Maeotide
1997 3619 2438 3700 habitaverunt.
2532 3618 2785 3679 eandem

608 3712 851 3779 gentem
905 3704 1203 3764 Chazams
1239 3724 1478 3786 quoque
1516 3717 1790 3766 vocatam
1827 3706 2019 3766 discas
2060 3724 2141 3764 ex
2179 3716 2348 3786 parte
2385 3703 2427 3771 4
2460 3706 2786 3771 Annalium

610 3784 920 3846 Michaelis
951 3790 1196 3868 Glycae.
1279 3792 1527 3849 Bam-n.

774 3870 856 3929 ib.
947 3874 1387 3932 eoluhrimodis.>
1472 3875 1770 3934 Diaconus
1801 3877 1908 3939 16:
1951 3875 2191 3943 Avares
2233 3873 2535 3939 habebant
2568 3883 2785 3931 retror—

606 3978 740 4013 mm
766 3978 963 4017 comas
974 3959 1251 4037 prolixas
1276 3958 1454 4017 valde
1474 3971 1655 4038 atque
1666 3960 2004 4038 perplexas.
2093 3961 2239 4019 facit
2258 3958 2552 4021 hiclocus
2577 3967 2641 4017 ut
2666 3977 2785 4036 pu·-

607 4050 730 4099 tem
756 4045 980 4102 Avares
1011 4045 1361 4125 Germaniae
1388 4064 1517 4104 esse
1545 4055 1785 4122 gentem
1820 4044 2061 4120 (dicam
2086 4057 2288 4105 tamen
2314 4046 2476 4104 infra
2504 4047 2544 4106 3
2586 4040 2785 4117 271):

607 4128 919 4186 Germanis
964 4131 1124 4186 enim
1165 4129 1460 4188 familiare
1506 4131 1697 4188 crines
1745 4132 2142 4191 calamistrato
2193 4141 2254 4190 et
2290 4131 2356 4189 in
2407 4132 2624 4187 cirrum
2653 4137 2787 4184 tor-

605 4229 820 4287 quere,
866 4211 942 4269 ad
987 4209 1525 4290 pulchritudinem,
1567 4223 1636 4274 ut
1685 4226 1864 4294 puto,
1908 4214 2255 4295 fonnaeque
2281 4212 2560 4275 decorem
2584 4213 2783 4271 conci-

603 4294 892 4358 liandum.
978 4299 1232 4362 Martial.
1259 4311 1515 4377 spectac.
1549 4320 1644 4380 ep.
1675 4305 1751 4383 8.
1794 4297 2058 4360 crinibus
2101 4303 2169 4359 in
2208 4297 2434 4361 nodum
2476 4298 2642 4355 τοκὶε
2681 4314 2786 4353 νε·-
