3210 5200
712 296 858 370 334
1365 296 1654 365 NOTAE
1704 296 1794 364 IN
1842 298 2169 367 LIBRUM
2188 300 2193 307 ’
2215 299 2250 365 1

710 486 862 548 quae
892 462 1139 525 Sedulio
1170 461 1348 522 Scoto
1395 461 1831 524 adscriblmtur.
1919 465 2147 525 sedicet
2191 485 2262 524 ea
2303 476 2433 525 tum
2473 468 2753 546 tempor-Is
2797 489 2905 527 re-

710 550 947 610 condita
982 547 1235 606 eruditio
1267 546 1620 608 habebatur.
1707 549 1817 609 sed
1840 561 1908 608 ut
1937 570 2148 610 verum
2174 552 2401 628 fatear,
2447 562 2603 610 totus
2628 550 2727 610 hic
2756 572 2903 612 ver-

709 657 808 696 sus
839 638 1037 692 animo
1064 653 1199 690 meo
1232 631 1511 710 νοθεύει,
1556 638 1687 694 sine
1722 654 1840 716 quo
1874 640 2101 715 optima
2142 648 2233 695 est
2273 640 2584 696 sententia.
2667 648 2727 695 et
2753 659 2900 697 mo·-

703 718 932 779 nachus
962 722 1357 798 exscriptores
1387 720 1464 778 ad
1495 719 1931 779 ostendendam
1960 720 2408 780 eruditionem‘
2390 743 2454 781 m
2480 724 2695 809 talibus
2724 725 2900 802 glos-
2956 790 2967 797 ,

705 826 904 865 sarum
933 825 1174 864 suarum
1201 825 1436 884 semper
1459 807 1702 864 fuerunt
1731 808 2124 866 liberaliores.
2208 810 2455 867 Barim.

875 915 1015 978 166.
1104 932 1360 993 quaese,
1406 912 1553 994 quid
1585 924 1675 972 est
1704 911 1901 972 dicere
1934 917 2228 972 lustInum
2259 916 2482 972 trektem
2511 932 2633 971 esse
2657 934 2771 991 per·
2795 935 2901 970 or—

704 998 878 1058 bem?
931 1000 1220 1055 nimirum
1247 997 1366 1055 duo
1406 1009 1705 1077 postrema
1728 1000 1909 1057 verba
1934 1001 2122 1078 inepti
2150 1001 2421 1058 tibicines
2444 1017 2686 1057 versum
2715 1001 2900 1057 susti-

701 1094 867 1159 nent,
912 1086 1228 1163 praecipue
1259 1102 1395 1141 cum
1433 1084 1647 1143 eadem
1678 1104 1801 1142 vox
1827 1096 2176 1165 sequentem
2206 1102 2445 1164 quoque
2478 1082 2735 1142 claudat.
2781 1084 2901 1142 fuit

705 1189 842 1227 cum
867 1172 1199 1248 suspicarer
1233 1171 1589 1229 sollemnem
1618 1171 1940 1249 scripturae
1970 1173 2429 1228 contractionem
2460 1180 2900 1228 contemerasse

707 1273 972 1356 aliquid,
1018 1286 1077 1333 et
1102 1296 1217 1354 pre
1247 1278 1572 1357 antiquitus
1601 1279 1904 1355 scriptum,
1950 1286 2008 1334 et
2033 1295 2179 1334 mox
2204 1275 2433 1333 orbum.
2524 1272 2641 1333 hoc
2672 1274 2857 1334 modo
2881 1294 2902 1332 ε

711 1361 954 1442 quando
987 1363 1288 1419 Iustinum
1317 1365 1542 1420 tristem
1574 1362 1739 1419 decet
1769 1383 1888 1420 esse
1915 1373 2090 1439 patre
2127 1360 2335 1418 orbum
2361 1362 2521 1437 flere
2553 1360 2713 1418 libet.
2810 1364 2905 1418 sic

709 1490 773 1526 v.
815 1467 936 1533 124
962 1471 1026 1526 in
1054 1469 1382 1547 exemplari
1405 1471 1600 1548 prisco
1616 1490 1744 1546 par
1769 1489 1875 1548 pro
1897 1480 2077 1546 pater
2110 1465 2357 1525 offendit
2386 1477 2446 1524 et
2479 1471 2708 1525 notavit
2730 1466 2909 1526 idem

711 1556 978 1614 Buizius.
1039 1557 1289 1613 ΒΑΜἪ.
1390 1552 1672 1614 Barthius
1715 1552 1878 1612 hunc
1904 1572 2143 1612 versum
2172 1551 2349 1610 modo
2384 1551 2906 1611 subintroductum

709 1639 890 1697 modo
918 1638 1359 1696 immutandum
1390 1642 1637 1697 censuit.
1725 1651 1788 1697 at
1818 1649 2043 1698 temere
2083 1637 2237 1694 illud
2283 1637 2399 1695 sibi
2430 1637 2640 1714 fiuxit,
2702 1647 2760 1696 et
2786 1636 2905 1695 hoc

713 1726 967 1781 alterum
1001 1734 1316 1781 exsecutus
1353 1734 1441 1782 est
1470 1725 1671 1781 minus
1700 1725 1974 1782 feliciter.
2059 1724 2251 1781 multo
2281 1724 2502 1781 rectius
2531 1744 2565 1781 a
2598 1743 2696 1781 me
2726 1726 2902 1781 resti-

708 1818 907 1866 tutum
938 1828 1066 1867 esse
1098 1807 1350 1867 confido.
1437 1811 1635 1868 Focc.

884 1915 1025 1978 169.
1112 1914 1385 1973 amavit?
1443 1925 1499 1972 et
1533 1926 1733 1973 tamen
1760 1915 2014 1973 innocuo
2030 1916 2244 1994 plures
2278 1915 2513 1973 voluere
2538 1917 2764 1993 nocere]
2811 1915 2904 1972 sic

713 1999 964 2060 distinxi
984 2045 999 2074 ,
1055 2011 1114 2058 et
1149 2003 1628 2080 interrogationis
1666 2010 1902 2075 notam,
1961 2003 2154 2059 alieno
2183 2002 2315 2059 loco
2345 1994 2595 2080 positam
2618 2010 2754 2079 post
2784 2020 2905 2057 no—

712 2108 865 2157 cere,
909 2088 1185 2143 transtuli
1210 2089 1274 2143 in
1302 2090 1677 2144 anteriorem.
1764 2097 1905 2143 nota
1937 2087 2180 2166 elegans
2218 2085 2576 2161 antitheton,
2638 2088 2906 2143 innocuo

711 2192 933 2230 nocere.
1024 2172 1117 2229 bis
1146 2183 1318 2230 nocet
1346 2182 1702 2252 peccatque,
1768 2174 2022 2252 quisque
2066 2173 2321 2230 innocuo
2357 2183 2531 2230 nocet
2571 2172 2720 2229 vim.
2807 2172 2904 2227 sic

709 2260 1073 2317 lastinianus
1120 2258 1247 2336 ipse
1289 2261 1353 2315 in
1399 2260 1664 2315 oratione
1697 2254 1775 2313 ad
1801 2259 2167 2334 Calinicum,
2224 2276 2408 2338 quam
2444 2259 2621 2315 morti
2670 2256 2904 2313 vicinus

706 2342 946 2419 habuit,
1003 2342 1160 2400 infra
1202 2342 1242 2405 4
1285 2342 1441 2419 348,
1499 2342 1793 2465 significat
1834 2363 1898 2401 se
1930 2341 2212 2402 habuisse
2251 2344 2519 2403 aemulos
2560 2354 2617 2401 et
2646 2339 2903 2401 nocendi

710 2426 979 2507 cupidos.
1066 2431 1253 2487 RrrT.
1343 2442 1344 2447 ’

789 2553 794 2559 ·
884 2518 1025 2578 171
1110 2513 1458 2591 ἐπίφθονον
1483 2508 1528 2593 ἦ
1555 2512 1841 2593 βασιλεία.
1927 2515 2112 2573 Βιττ.

883 2604 1026 2663 172.
1110 2602 1176 2657 in
1222 2602 1504 2658 comitatu
1555 2600 1795 2657 funebri
1846 2621 1958 2658 nec
2000 2600 2250 2658 annulos
2285 2620 2399 2658 nec
2428 2618 2757 2680 purpuram
2789 2618 2907 2655 nec

711 2687 835 2746 ulla
868 2687 1111 2743 omnino
1147 2686 1407 2764 insignia
1437 2686 1677 2764 publica
1708 2687 2040 2764 gestabant.
2127 2688 2322 2744 Tacit.
2354 2687 2577 2743 Annal.
2619 2690 2657 2749 3
2699 2688 2761 2742 in
2801 2684 2907 2741 fu·-

707 2792 852 2829 nere
883 2771 1254 2828 Germanici:
1310 2771 1663 2828 collucentes
1680 2792 1793 2849 per
1825 2792 2105 2851 campum
2140 2775 2442 2830 Martium
2453 2772 2663 2851 sac-ex,
2704 2770 2908 2848 mgi-

710 2865 936 2912 serame
963 2859 1088 2911 sine
1116 2855 1477 2934 insignibus,
1534 2856 1705 2914 miles
1731 2878 1868 2914 cum
1895 2860 2100 2916 armis.
2192 2868 2371 2938 atque
2414 2856 2532 2915 hoc
2567 2866 2655 2914 est
2688 2854 2910 2933 publi-

673 3003 676 3006 ,
714 2940 1094 3018 cumsunue,
1134 2960 1352 3018 nempe
1379 2961 1518 2999 cum
1543 2943 1819 3021 publicus
1860 2953 1950 3000 est
1980 2945 2249 3000 omnium
2276 2945 2495 3002 luctus.
2579 2942 2736 2999 Flor.
2770 2942 2939 3018 epi--

714 3039 859 3085 tom.
891 3026 999 3084 lib.
1032 3028 1169 3100 119,
1218 3037 1276 3084 et
1291 3028 1502 3092 „Livius
1533 3031 1665 3108 ipse
1698 3033 1735 3091 8
1778 3026 1905 3086 dec.
1937 3029 2046 3086 lib.
2081 3033 2162 3091 10
2191 3030 2256 3085 in
2285 3029 2426 3087 fine.
2514 3029 2749 3106 egregie
2790 3045 2910 3082 neo

713 3114 913 3169 minus
958 3109 1128 3169 docte
1172 3109 1432 3190 disputat
1465 3115 1551 3170 M.
1583 3111 1853 3172 Vetti-an.
1884 3116 2146 3172 Maurus».
2235 3126 2440 3173 auctor
2482 3113 2907 3172 consolationis

714 3195 792 3253 ad
822 3198 1091 3254 Liviam:
1141 3196 1338 3256 hcc-tus
1370 3210 1437 3254 ut
1464 3201 1530 3256 in
1550 3200 1759 3257 Druso
1774 3198 2064 3277 publicus
2089 3198 2193 3255 ille
2202 3200 2361 3279 ficit.
2413 3202 2675 3278 explicat
2698 3207 2911 3278 postea

715 3300 856 3342 eum
883 3282 1147 3340 luctum:
1206 3286 1345 3342 iura
1385 3284 1587 3356 silent,
1660 3296 2002 3366 masiaeque
2041 3296 2236 3343 tacent
2282 3288 2408 3343 sine
2449 3285 2681 3344 vindic-e
2718 3284 2908 3362 leges.-

713 3370 1073 3446 conspiciem-
1097 3379 1213 3426 toto
1228 3391 1510 3448 purpura
1533 3371 1709 3429 nulla
1719 3372 1887 3450 soro.
1965 3373 2247 3431 Dsmrsr.

797 3461 798 3466 ’
888 3457 1030 3519 178.
1119 3457 1300 3513 allabi
1328 3458 1599 3534 genibus,
1630 3457 1814 3536 pedes
1843 3459 2124 3537 amplecti
2154 3460 2507 3515 miserorum
2538 3475 2669 3513 esse
2702 3455 2918 3511 tritum

713 3551 824 3598 est.
909 3541 1143 3599 Tibull.
1182 3544 1216 3604 1
1249 3545 1309 3603 9.
1395 3562 1573 3621 supra
1616 3542 1733 3606 158
1770 3542 1961 3600 dabat
1994 3544 2201 3602 oscula
2220 3542 2471 3622 planti-r.
2564 3539 2920 3597 Massilien-

712 3629 874 3684 sium
901 3624 1003 3683 hic
1029 3646 1159 3685 mos
1179 3670 1195 3702 ,
1255 3628 1471 3684 Caesar
1505 3626 1580 3684 de
1611 3627 1770 3686 bello
1810 3629 2040 3686 Gallico
2070 3634 2141 3704 2,
2189 3639 2247 3687 et
2276 3632 2620 3698 Persarum,
2666 3624 2832 3679 Curt-
2869 3621 2921 3686 4

713 3708 788 3769 de
821 3713 989 3769 Darii
1027 3722 1215 3770 matre
1262 3722 1321 3770 et
1361 3732 1590 3788 uxore3
1654 3723 1712 3770 et
1736 3715 2116 3772 Graecorum.
2205 3712 2376 3772 ovid.
2411 3733 2505 3790 ep.
2540 3714 2615 3772 3·
2663 3717 2721 3765 et
2753 3709 2924 3764 iacet

708 3807 851 3853 ante
881 3808 1013 3855 tuos
1049 3799 1308 3855 Graecia
1337 3809 1563 3856 maesta
1581 3799 2272 3879 pede8.poe11itentiae
2313 3796 2601 3857 indicium
2629 3792 2716 3852 id.
2746 3794 2922 3851 Phn.

708 3884 915 3941 Iunior
941 3886 981 3946 9
1021 3903 1116 3962 ep.
1148 3884 1254 3946 21.
1342 3881 1601 3963 denique
1634 3886 1960 3945 salutantes
2002 3888 2303 3965 principes
2344 3883 2763 3944 osculabantur
2793 3899 2923 3957 pe-

707 3966 836 4026 des.
921 3969 1036 4027 Iul.
1079 3970 1394 4047 Capitolin.
1430 3971 1784 4035 Maximin..
1842 3971 1932 4029 dii
1960 3971 2323 4049 prohibeant
2365 3980 2433 4028 ut
2461 3964 2721 4048 pedibus
2765 3966 2926 4022 meis

692 4054 871 4133 ferat
908 4053 1177 4112 osculum
1217 4057 1536 4135 quisquam
1579 4057 1997 4134 ingenuorum.
2085 4061 2261 4116 Mart.
2307 4060 2383 4120 10
2430 4054 2925 4129 72·P1'0101'1⁴¹⁷⁸

712 4140 843 4198 sola
877 4139 1103 4197 basiate
1128 4159 1356 4217 regam.
1451 4139 1612 4219 apud
1641 4145 1973 4218 Romanos,
2041 4146 2143 4225 qui
2181 4145 2245 4200 in
2277 4144 2536 4220 gratiam
2570 4136 2923 4209 rediissent,

712 4223 898 4304 pedes
924 4224 1361 4284 osculabantur.
1448 4227 1592 4285 Seu.
1636 4227 1712 4287 de
1739 4226 1987 4286 benefic.
2025 4233 2068 4291 2
2115 4232 2211 4291 12.
2300 4227 2757 4286 usitatissimum
2792 4217 2927 4277 hoc

712 4311 1020 4389 ByzantiI.
1096 4329 1238 4368 nam
1289 4314 1614 4392 imperator
1656 4313 2002 4392 Cpolitanus
2048 4311 2309 4373 habebat
2358 4312 2606 4371 calceos
2635 4307 2721 4383 sle
2765 4327 2927 4379 τους
