3210 5200
612 335 712 404 70
1542 331 1877 399 CORIPPI

610 497 738 564 385
780 497 890 558 sed
916 499 1100 558 virtus
1125 517 1249 556 non
1275 498 1401 555 ulla
1427 496 1544 556 fuit
1572 516 1690 578 qua
1715 516 1958 577 surgere
1987 508 2206 576 posset.

784 601 929 660 dum
955 612 1159 659 tamen
1184 601 1484 658 occultum
1514 610 1865 657 conservant
1890 610 2130 679 pectora
2155 600 2400 675 bellum,

785 706 995 762 militis
1022 705 1366 761 innumeras
1397 703 1592 760 fatum
1616 701 1959 760 miserabile
1993 702 2182 760 sensit

787 803 1136 862 diminuisse
1164 823 1399 861 manus.
1488 813 1696 881 gentes
1724 823 1848 861 non
1874 803 2050 861 laesit
2077 822 2308 862 amaras

785 909 992 965 Martis
1018 908 1209 963 amica
1230 907 1383 962 lues.
1469 915 1744 962 metuens
1767 914 1969 963 tamen
1993 906 2100 964 ille
2125 907 2369 964 cavebat

620 1013 746 1075 390
785 1030 863 1067 ne
888 1010 1048 1066 male
1073 1008 1371 1087 praelatae
1402 1017 1639 1085 caperet
1667 1009 1938 1085 contagia
1966 1016 2180 1065 terrae.

789 1122 878 1170 ast
907 1112 1011 1169 ubi
1039 1111 1215 1189 pulsa
1241 1111 1402 1184 lues,
1445 1111 1652 1168 Martis
1683 1107 1999 1167 succedere
2025 1110 2224 1169 fervor

790 1216 1016 1292 coepit,
1063 1223 1120 1271 et
1146 1210 1425 1270 infandas
1450 1213 1608 1269 acies
1638 1209 1718 1269 ad
1745 1211 1906 1269 bella
1937 1214 2154 1290 coegit.

791 1318 958 1373 misit
984 1313 1063 1372 ad
1089 1327 1391 1373 extremas
1423 1315 1652 1394 Libyae
1681 1315 1932 1373 sitientis
1962 1334 2191 1388 arenas,

795 1418 920 1494 sole
951 1418 1057 1474 ubi
1078 1419 1357 1476 tellurem
1378 1420 1566 1474 nimio
1590 1419 1913 1475 siccaverat
1932 1417 2080 1474 olim

630 1519 752 1584 395
796 1520 1049 1576 fulmine
1076 1518 1339 1578 deiectus
1363 1516 1711 1592 Phaethont,
1753 1519 2127 1599 populosque
2148 1518 2446 1597 malignos

796 1618 1031 1677 edocuit
1048 1666 1064 1694 ,
1109 1623 1445 1699 nostrisque
1471 1619 1746 1696 implevit
1773 1617 2044 1676 cladibus
2072 1640 2198 1678 ora.

793 1723 1035 1799 iamque
1071 1721 1233 1779 ferae
1266 1730 1475 1799 gentes
1503 1720 1802 1798 Libycum
1834 1718 2167 1778 funduntur
2191 1725 2254 1778 in
2289 1742 2488 1782 axem.

797 1832 996 1901 raptor
1023 1824 1247 1903 ubique
1278 1825 1483 1881 furens
1508 1840 1618 1899 per
1640 1830 1872 1878 nostras
1899 1840 2130 1879 currere
2157 1831 2345 1881 terras

798 1934 858 1982 et
889 1934 1120 1983 vastare
1158 1944 1322 1982 casas
1355 1927 1678 2003 ignemque
1714 1924 2036 1981 immittere
2066 1926 2237 1982 tectis

606 2023 753 2089 ·4OO
793 2028 1032 2104 incipit,
1076 2035 1136 2083 et
1164 2026 1417 2086 flammis
1447 2022 1810 2084 succendere
1831 2023 2098 2084 fervidus
2121 2027 2320 2084 urbes.

881 2131 961 2186 Ut
990 2129 1277 2187 Solomou
1307 2127 1458 2186 vidit
1488 2138 1726 2186 tantum
1753 2147 2108 2206 consurgere
2133 2128 2385 2204 bellum,

802 2233 1100 2288 Romanas
1131 2233 1287 2289 acies
1318 2232 1542 2289 cunctis
1571 2229 1647 2287 de
1672 2231 1942 2309 partibus
1969 2222 2151 2289 actas⁴

805 2331 1129 2408 contrahit,
1175 2331 1439 2392 adversis
1468 2352 1792 2413 properans
1820 2351 2164 2390 concurrere
2190 2333 2350 2392 fatis.

804 2437 970 2494 ilicet
1001 2435 1260 2495 infausto
1289 2434 1611 2494 mandatur
1639 2437 1856 2514 pagina
1889 2455 2083 2508 cursu,

638 2535 759 2605 405
803 2549 861 2596 et
890 2541 1009 2596 ruit
1037 2559 1172 2596 ecce
1201 2540 1408 2598 volans
1426 2584 1442 2615 ,
1492 2558 1685 2620 aequo
1713 2558 1836 2598 non
1860 2540 2049 2596 Marte
2076 2547 2335 2614 coactus,

804 2644 1149 2699 Maurorum
1177 2640 1414 2717 ductor,
1463 2622 1670 2701 miseri
1695 2644 2035 2702 Solomonis
2064 2642 2291 2698 amicus

803 2745 1091 2801 Romanis
1121 2742 1297 2802 rebus
1324 2746 1583 2801 nimimn
1605 2764 1960 2824 semperque
1982 2741 2199 2816 fidelis,

808 2846 1025 2900 Cusina
1057 2846 1462 2902 Mastracianis
1484 2865 1698 2919 ³secum
1726 2846 1951 2903 viribus
1975 2847 2210 2920 ingens.

809 2948 913 3025 qui
938 2945 1204 3023 Tripolis
1229 2955 1372 3002 tunc
1401 2943 1613 3004 ductor
1639 2956 1795 3021 erat,
1848 2948 2125 3004 convenit
2150 2956 2209 3002 et
2238 2942 2474 3027 audax·

641 3046 767 3113 410
805 3048 1121 3125 Pelagius;
1164 3045 1273 3104 sed
1301 3049 1555 3125 gentiles
1584 3047 1881 3130 durosque
1907 3049 2166 3107 Mecales

810 3170 1016 3208 secum
1042 3146 1119 3206 ad
1145 3149 1304 3207 bella
1329 3146 1571 3208 trahens
1601 3150 1776 3209 fessis
1801 3170 1924 3209 non
1948 3151 2176 3210 viribus
2203 3151 2346 3209 ibat.

810 3254 1081 3312 infauces
1109 3250 1275 3311 fictos
1306 3255 1567 3331 suscepit
1593 3253 1831 3310 nescius
1861 3254 2024 3311 artis.

811 3376 982 3415 mens
1010 3356 1257 3414 obscura
1282 3365 1517 3427 manet,
1564 3356 1839 3435 quotiens
1856 3399 1872 3429 ,
1916 3356 2176 3415 Fortuna
2192 3402 2208 3432 ,
2252 3358 2518 3416 minaris.

813 3457 964 3535 heu,
1009 3459 1298 3517 Solomon
1332 3455 1705 3531 miserande,
1756 3459 1875 3515 tuis
1906 3454 2016 3517 hos
2046 3462 2293 3538 iungere
2326 3462 2530 3520 castris

648 3560 773 3627 415
817 3560 1127 3620 debueras.
1212 3571 1435 3619 tractus
1471 3563 1657 3619 versis
1690 3563 1982 3618 contraria
2014 3561 2155 3620 fatis

819 3683 1056 3743 semper
1082 3666 1227 3742 agit.
1310 3664 1514 3723 nullus
1547 3665 1766 3741 poterit
1795 3665 1982 3721 vitare
2013 3661 2178 3741 quod
2202 3664 2403 3721 instat.

904 3766 1128 3824 Ultima
1156 3768 1397 3846 iamque
1426 3764 1554 3824 dies
1582 3776 1816 3824 nostras
1845 3774 2196 3842 pervenerat
2224 3784 2389 3835 oras3

820 3869 945 3924 iam
970 3868 1228 3948 Libyam
1249 3870 1532 3926 minitans
1558 3867 1913 3947 properabat
1939 3863 2186 3945 perdere
2209 3865 2424 3922 fatum.

652 4085 755 4138 388
788 4099 887 4136 uon
909 4082 1145 4138 minuisse
1167 4084 1230 4138 M
1359 4085 1463 4138 390
1488 4084 1621 4137 mala
1640 4082 1839 4153 prelato
1863 4084 1924 4148 T,
1948 4082 2076 4135 mala
2099 4079 2360 4154 praelatae
2382 4079 2446 4133 M
2577 4080 2681 4137 394
2699 4081 2777 4134 noi
2797 4082 2848 4135 Τ
2881 4038 2892 4045 ⁶

652 4153 757 4206 396
789 4158 1086 4222 nostrasque
1122 4182 1187 4193 —
1220 4169 1339 4206 oras
1372 4153 1485 4207 MT
1700 4150 1804 4205 402
1834 4161 1980 4204 actus
2019 4153 2069 4204 Τ
2287 4152 2389 4204 408
2422 4149 2594 4204 cesina
2622 4152 2673 4202 Τ
2708 4152 2848 4203 idem

658 4236 846 4342 ἓξὲξ,
849 4220 883 4275 5
868 4223 1022 4345 ἐδὸ,
1042 4223 1161 4287 468,
1181 4220 1302 4276 517.
1508 4222 1608 4273 410
1642 4219 1886 4291 pellagius
1912 4222 1962 4272 Τ
2136 4221 2234 4275 411
2269 4218 2415 4275 festis
2445 4221 2493 4273 Τ
2657 4221 2761 4276 412
2793 4222 2845 4274 iu
