3210 5200
928 362 1018 429 nv
1068 363 1594 432 loimmnos
1641 364 1736 432 111
1782 366 2086 432 NOTAE.
2452 345 2599 437 245

590 530 734 595 309.
820 527 983 606 Virg.
1013 525 1177 586 Am.
1204 531 1246 591 7
1278 524 1433 593 540:
1477 549 1547 587 ea
1580 550 1697 608 per
1728 550 1968 608 campos
1996 535 2184 611 aequo
2216 531 2363 590 dum
2393 533 2600 591 Mat-ee

415 625 732 694 geruntur.
819 613 897 672 cf.
930 615 1180 691 Procop.
1210 613 1256 669 l.
1290 633 1341 670 c.

588 700 732 761 310.
815 717 912 756 ms
951 696 1059 755 sed
1097 709 1293 755 tamen
1328 695 1428 755 hic
1466 697 1665 768 celeri,
1706 698 1873 757 nullo
1918 718 2118 757 sensu.
2204 701 2466 759 imitatus
2506 711 2595 760 est

419 793 625 841 auctor
645 783 881 860 Virgilii
907 781 1068 839 Aen.
1085 782 1126 844 5
1158 781 1280 844 445
1296 826 1313 856 ‚
1358 785 1464 863 qui
1488 781 1737 841 desinit:
1783 783 2070 862 celerique
2092 783 2333 861 elapsas
2357 805 2595 862 corpore

421 870 609 925 cessit.
699 887 734 924 a
776 876 975 924 nostro
1011 871 1185 943 poeta
1219 865 1450 924 Slutc'ae
1476 878 1720 926 vocatur
1744 866 2048 925 seditionis
2079 883 2287 946 caput,
2334 880 2397 927 ut
2426 869 2598 927 vide-

420 953 619 1010 bimus
654 953 896 1030 ’pluries
950 950 1142 1024 infra,
1192 955 1296 1030 qui
1344 952 1555 1010 Stozas
1597 963 1687 1010 est
1740 950 1899 1030 apud
1936 954 2294 1031 Procopium
2333 953 2406 1010 de
2446 953 2597 1012 bello

431 1037 630 1094 Vand.
673 1042 715 1101 2
767 1038 865 1099 15.
947 1037 1163 1093 rectius
1205 1054 1240 1091 a
1279 1048 1478 1094 nostro
1516 1043 1690 1115 poeta
1742 1037 1970 1094 Statias
2010 1047 2282 1110 vocatur,
2338 1049 2402 1096 ut
2442 1036 2595 1096 mihi

420 1119 687 1194 videtur,
735 1123 873 1200 quia
916 1117 1079 1177 idem
1108 1121 1358 1179 sortasse
1381 1132 1517 1186 ⁸erat
1546 1120 1707 1201 apud
1729 1118 2027 1178 Vandalos
2060 1141 2129 1178 ac
2156 1119 2315 1200 apud
2344 1123 2595 1180 Germa-

420 1226 530 1263 nos
570 1225 726 1264 nuno
774 1206 1035 1275 Stutzer,
1077 1223 1296 1284 nempe
1339 1217 1638 1276 strenuus,
1681 1206 1807 1280 vel,
1853 1216 1916 1262 ut
1950 1207 2145 1283 placet
2176 1207 2502 1266 Wuchtero
2529 1210 2594 1266 in

430 1289 734 1348 Glossarlo
771 1290 1129 1348 Germanico
1158 1309 1218 1367 p-
1258 1289 1414 1353 1642
1434 1335 1449 1363 ,
1493 1291 1724 1349 iuvenis
1746 1289 1992 1367 superbe
2015 1283 2308 1349 inc-edens.

583 1379 728 1438 311.
815 1375 954 1433 urbs
1009 1394 1079 1432 ea
1134 1385 1259 1431 erat
1309 1375 1545 1433 Africae
1602 1377 2035 1454 proconsularis
2086 1396 2193 1434 seu
2229 1377 2593 1454 zeugitanae

415 1462 775 1537 provinciae,
809 1471 949 1518 nota
975 1460 1291 1538 praecipue
1316 1462 1381 1516 in
1412 1457 1656 1519 historia
1685 1460 2111 1518 ecclesiastica:
2146 1459 2401 1518 habebat
2432 1463 2592 1518 enim

412 1543 621 1601 'sedem
660 1546 1093 1623 episcopalem,
1143 1554 1203 1601 et
1241 1542 1495 1602 distabat
1534 1565 1568 1602 a
1613 1542 1966 1622 Carthagine
2007 1555 2238 1603 tantum
2279 1547 2361 1610 50
2401 1565 2482 1603 m.
2526 1566 2587 1624 p.

416 1628 553 1684 vide
594 1630 809 1686 Cellar.
860 1629 1005 1685 Not.
1055 1626 1234 1687 Orbis
1276 1638 1404 1687 ant.
1434 1628 1473 1691 4
1509 1648 1570 1707 p.
1604 1632 1754 1703 162,
1809 1630 2018 1687 Vetera
2059 1631 2320 1688 Roman.
2364 1631 2591 1687 Itinera

417 1724 658 1771 ‹s-urante
682 1708 1088 1791 Wesselingio
1114 1713 1364 1771 Amstel.
1398 1715 1555 1778 1735
1580 1733 1644 1792 p.
1671 1711 1752 1777 45
1770 1756 1786 1786 ,
1831 1714 1961 1771 Car.
1994 1734 2029 1771 a
2058 1715 2122 1773 S.
2148 1715 2333 1773 Paulo
2368 1716 2585 1793 Geogr.

424 1797 594 1855 Sacr.
641 1818 703 1876 p.
747 1800 828 1861 89
880 1797 973 1856 ed.
1022 1800 1273 1857 Amstel.
1317 1795 1513 1872 1704,
1574 1809 1633 1857 et
1681 1799 1950 1855 Morcelli
1989 1798 2138 1877 Ast.
2193 1798 2407 1858 Christ.
2452 1809 2497 1856 t.
2551 1803 2585 1861 1

414 1901 473 1961 p.
500 1886 644 1947 228.
733 1882 809 1939 cf.
837 1884 1193 1961 Procopium
1214 1893 1552 1939 narrantem
1573 1927 1588 1956 ‚
1636 1901 1789 1961 quae
1817 1880 1917 1940 hic
1944 1887 2135 1961 tangit
2162 1890 2337 1963 poeta
2356 1928 2370 1957 ‚
2415 1884 2457 1940 l.
2486 1884 2585 1942 cit.

578 1971 720 2031 817.
804 1967 920 2025 fuit
950 1965 1049 2025 hic
1083 1969 1414 2025 Germanus
1439 1967 1597 2025 filius
1632 1968 1829 2025 fratris
1856 1971 2167 2026 Iustiniani
2194 1970 2586 2047 imperatoris,

412 2062 471 2110 et
515 2053 620 2109 ille
660 2054 835 2110 ‘cuius
879 2052 1001 2110 filia
1048 2054 1274 2111 Iustina
1312 2055 1515 2130 nupsit
1550 2050 1804 2110 Iohanni
1832 2063 2051 2110 nostro.
2139 2073 2197 2110 v.
2229 2071 2404 2132 supra
2439 2051 2516 2110 ad
2548 2055 2582 2115 1

410 2142 552 2201 202.
637 2140 857 2196 missus
903 2148 1105 2195 autem
1143 2138 1259 2195 suit
1296 2140 1359 2194 in
1398 2138 1667 2195 Africam
1707 2156 1741 2194 a
1779 2140 2104 2195 Iustiniano
2140 2156 2293 2195 anno
2324 2139 2473 2210 537,
2520 2147 2587 2194 ut

404 2222 717 2280 Salomoni
756 2221 1099 2280 succederet
1139 2233 1198 2281 et
1242 2223 1520 2300 praetorii
1559 2222 1927 2301 praefectura
1957 2223 2320 2301 fungeretur.
2407 2219 2480 2279 de
2515 2241 2586 2279 eo

409 2307 731 2384 Procopius
769 2310 892 2384 agit
928 2310 1174 2384 integris
1226 2307 1516 2385 capitibus
1563 2309 1638 2370 16
1671 2318 1729 2363 et
1768 2311 1840 2369 17
1894 2310 2053 2364 citati
2092 2308 2228 2364 libri
2252 2312 2291 2372 2
2329 2306 2403 2363 de
2432 2305 2584 2364 bello

421 2390 618 2449 Vand.
705 2389 1033 2450 Iohannem
1069 2394 1248 2449 etiam
1274 2402 1545 2449 nostrum
1574 2391 1913 2449 interfuisse
1941 2402 2084 2448 tunc
2119 2411 2236 2449 una
2268 2411 2404 2448 cum
2433 2394 2585 2449 Ger-—

412 2493 588 2533 mano
613 2479 675 2534 in
703 2477 930 2556 proelio
959 2489 1159 2534 contra
1192 2478 1449 2535 Stutiam
1480 2487 1708 2534 constat
1737 2495 1816 2532 ex
1844 2495 1894 2532 c.
1926 2478 2004 2538 17
2035 2496 2094 2553 p.
2125 2479 2245 2538 278
2273 2474 2364 2552 ‘).

576 2563 721 2625 318.
805 2562 1052 2620 fortasse
1092 2561 1356 2621 Vatarue
1387 2570 1476 2620 est
1503 2560 1669 2620 idem
1700 2581 1768 2619 ac
1804 2564 1997 2620 amnis
2032 2561 2306 2627 Vadam,
2350 2557 2423 2618 de
2462 2577 2581 2639 quo

411 2643 547 2702 vide
571 2651 612 2709 2
650 2649 752 2708 68.
836 2648 959 2703 imo
986 2645 1223 2705 videtur
1241 2667 1370 2705 esse
1398 2646 1551 2704 illud
1580 2648 1800 2704 flumen
1834 2644 1994 2726 quod
2015 2648 2357 2725 Procopius,
2400 2645 2580 2723 paulo

410 2749 587 2808 supra
633 2732 874 2804 citatus,
930 2742 1101 2789 vocat
1145 2732 1473 2810 Bagrada,
1517 2733 1739 2789 Graece
1785 2724 2126 2811 Βαγράδας,
2185 2750 2402 2808 nempe
2453 2729 2584 2789 Va-

402 2815 654 2891 gradas.
738 2817 801 2872 in
839 2812 961 2871 tab.
1015 2817 1297 2894 Peucing.
1341 2827 1543 2874 autem
1580 2826 1672 2874 est
1720 2816 1934 2875 Vatari
1968 2817 2133 2874 locus
2174 2817 2431 2874 Africae.
2516 2833 2579 2873 v.

408 2898 658 2957 eandem
683 2898 804 2957 tab.
838 2903 1007 2958 iuxta
1034 2899 1130 2958 ed.
1159 2903 1446 2960 Aesinam
1477 2904 1633 2964 1809
1671 2920 1860 2979 segm.
1894 2905 1933 2964 8
1962 2901 2053 2959 lit.
2079 2902 2145 2957 F.

569 2987 715 3049 320.
799 3005 976 3043 voces
1015 2996 1251 3055 nepte-ae
1281 2996 1341 3043 et
1373 2997 1562 3043 terrae
1591 2989 1656 3043 iu
1690 2985 1890 3045 codice
1927 2987 2242 3064 rescriptae
2276 2991 2581 3063 apparent,

405 3079 464 3126 et
498 3089 606 3147 pro
645 3079 943 3148 postrema
982 3074 1148 3149 prius
1194 3070 1401 3129 aderat
1447 3071 1643 3129 tellus.
1730 3070 1838 3130 sed
1875 3074 2055 3129 etiam
2084 3069 2376 3128 lohannes
2403 3071 2474 3125 L.
2504 3065 2579 3124 de

408 3155 584 3213 Bonis
620 3158 947 3233 exscriptor
975 3155 1196 3215 codicis
1216 3200 1232 3230 ‚
1281 3158 1385 3236 qui
1417 3158 1480 3213 in
1513 3175 1621 3214 sua
1656 3157 1954 3214 Romulea
1984 3161 2023 3219 2
2055 3156 2303 3213 inseruit
2329 3151 2491 3210 hunc
2519 3162 2576 3209 et

405 3249 717 3317 sequentes
748 3242 825 3304 15
854 3259 1088 3315 versus,
1134 3260 1168 3298 a
1197 3261 1256 3298 v.
1291 3260 1509 3320 nempe
1534 3243 1661 3304 222
1692 3240 1769 3298 ad
1798 3244 1920 3305 237
1939 3285 1955 3316 ,
1999 3238 2211 3298 habet:
2255 3248 2448 3296 nostre
2487 3256 2581 3294 re-

404 3326 566 3402 quies
578 3326 985 3403 pinguissima
1008 3336 1175 3383 terre.
2279 3348 2290 3359 ·

569 3412 709 3470 323.
794 3428 889 3466 ms
926 3410 1144 3486 pluuie
1184 3411 1512 3487 praemisso
1558 3419 1799 3487 puncto.
1883 3410 1967 3465 ita
2012 3410 2194 3466 etiam
2229 3406 2360 3467 1011.·
2393 3410 2466 3465 L.
2501 3404 2577 3466 de

407 3493 583 3549 Bonis
606 3493 936 3550 Romuleae
962 3498 1002 3555 2
1040 3495 1182 3558 225.
1270 3505 1532 3552 attamen
1573 3496 1678 3572 qui
1722 3494 1924 3570 plures
1968 3491 2235 3550 eiusdem
2272 3494 2410 3549 libri
2443 3511 2579 3549 ver-

403 3596 504 3635 sus
535 3580 846 3656 exscripsit
869 3580 931 3636 in
959 3577 1174 3649 eodem
1200 3579 1652 3637 membranaceo
1687 3575 1921 3650 codice,
1965 3579 2069 3655 qui
2105 3579 2365 3634 continet
2396 3576 2579 3634 Eclo-

396 3682 514 3739 gae
554 3670 615 3720 et
653 3662 1038 3733 Romuleam,
1095 3664 1237 3721 fecit
1284 3674 1498 3733 totum,
1554 3681 1737 3742 quam
1773 3680 1984 3719 vocem
2027 3664 2383 3738 reciperem,
2438 3663 2578 3739 quia

406 3748 679 3825 Virgilius
707 3757 768 3805 et
793 3746 1040 3806 Ovidius
1063 3768 1198 3806 eam
1222 3752 1476 3826 iungunt
1505 3767 1644 3806 cum
1670 3746 1843 3818 orbe3
1874 3765 2090 3824 nempe
2115 3746 2219 3803 ille
2242 3747 2372 3804 Ecl.
2393 3750 2423 3809 1
2458 3749 2576 3809 67:

402 3841 458 3887 et
483 3834 876 3907 penita-stota
907 3833 1128 3891 divisos
1161 3832 1298 3891 orbe
1324 3834 1683 3903 Britannos,
1727 3842 1785 3889 et
1819 3832 1969 3891 alter
1993 3831 2155 3888 Fau.
2192 3834 2222 3893 1
2265 3831 2379 3895 85:
2425 3830 2578 3907 Iup-

394 3917 551 3989 piter
585 3936 722 3974 arce
760 3938 874 3975 cua
911 3929 1100 3975 totum
1142 3938 1281 3975 cum
1319 3928 1540 3995 spectet
1568 3920 1636 3975 in
1665 3915 1883 3974 orbem.
1973 3913 2081 3974 sed
2108 3913 2338 3994 Libyae
2367 3917 2576 3991 legen-

403 3998 545 4057 dum
570 4011 714 4079 puto
742 4011 873 4061 tum
903 4005 1046 4084 quia
1074 4000 1304 4061 accedit
1325 4005 1519 4080 magis
1541 4001 1621 4061 ad
1629 4001 1877 4083 pluuia,
1903 4011 2034 4059 tum
2057 4002 2200 4082 quia
2223 3999 2381 4058 orbis
2401 4019 2577 4058 usur-

535 4212 604 4281 *)
658 4213 815 4267 Nunc
851 4213 971 4267 mihi
1005 4215 1209 4269 videtur
1234 4226 1341 4269 non
1375 4215 1629 4287 proprium
1658 4214 1750 4268 sed
1785 4213 1951 4284 potius
1986 4214 2342 4286 appellativum
2365 4212 2463 4264 hoc
2484 4227 2576 4292 np-

402 4294 515 4333 men
550 4297 696 4350 esne,
728 4290 783 4336 et
819 4282 959 4351 loqui
992 4285 1278 4338 Caecilides
1311 4286 1377 4339 de
1402 4285 1591 4355 Pampo
1613 4300 1888 4355 germano,
1922 4285 1975 4338 id
1999 4296 2080 4339 est,
2101 4287 2290 4347 fratre,
2326 4280 2576 4332 lobannis.

400 4350 804 4405 Mazzuchellim
824 4351 876 4405 in
902 4352 1099 4420 Con-ig.
1123 4372 1171 4423 p.
1192 4356 1313 4410 443.
