3210 5200
635 428 781 533 324
1251 434 1260 441 ·
1306 432 1588 500 NOTAE
1622 430 1715 498 IN
1758 431 2084 498 LIBRUM
2122 431 2157 497 1

633 601 700 659 in
721 598 932 658 faustis
961 595 1482 655 acclamationibus
1514 606 1572 654 et
1598 595 2090 674 gratulationibus
2120 597 2504 675 imperatores
2528 614 2561 653 a
2589 595 2805 675 populo

552 732 556 739 .
635 687 919 744 salutatos
952 692 1129 779 atque
1158 682 1485 759 appellatos
1516 682 1701 741 fuisse
1740 683 2136 754 καλλινίκους.
2218 679 2359 739 hinc
2387 692 2615 740 veteres
2642 682 2807 759 glos-

637 787 773 828 sae:
831 767 1254 824 ωινέοιίεείηιιιε
1297 766 1667 840 καλλίνικος,
1722 776 1782 823 et
1819 763 2251 823 Archilochus.
2310 767 2605 829 καλλίνικε
2645 760 2805 847 χαῖρ’

639 850 792 928 ἅναξ
823 843 1140 929 Ἡράκλεις.
1224 869 1343 930 quo
1371 853 1634 929 respexit
1663 852 1872 929 opinor
1894 849 2147 909 Suidas.
2209 852 2544 924 καλλίνικος
2572 874 2605 913 ο
2591 848 2810 930 ι’Ἡρα-

631 940 801 1016 ιλῆς.
884 934 1165 1015 idemque
1201 933 1506 1013 epitheton
1544 933 1741 992 eidem
1772 937 2017 993 Herculi
2045 936 2369 993 tribuitur·
2350 956 2414 993 ιιι
2443 947 2641 994 vetere
2678 936 2806 1014 epi-

631 1031 982 1101 grammate,
1028 1018 1190 1100 quod
1213 1019 1418 1077 domui
1447 1039 1587 1077 suae
1615 1018 1862 1099 quidam
1887 1023 2363 1099 praescripserat.
2447 1018 2486 1084 ὅ
2515 1024 2629 1084 τοῦ
2662 1016 2812 1093 Διὸς

635 1112 779 1179 παῖς
816 1106 1152 1176 καλλίνικος
1171 1101 1462 1184 Ἡρακλῆς
1498 1101 1721 1166 ἐνθάδε
1764 1110 2057 1167 κατοικεῖ·
2141 1101 2330 1183 μηδὲν
2369 1104 2564 1166 εἰσίτω
2602 1099 2809 1167 κακόν.

638 1190 820 1250 deum
851 1210 1066 1269 nempe
1093 1189 1406 1247 tutelarem
1433 1189 1907 1268 praescribebant
1939 1199 2451 1246 averruncatorem
2476 1191 2653 1247 illum
2676 1209 2810 1247 ma-

633 1276 831 1335 lorum
863 1278 1042 1333 totius
1071 1273 1228 1332 orbis
1246 1318 1262 1348 ‚
1305 1295 1381 1331 ne
1412 1273 1560 1354 quid
1581 1274 1729 1330 mali
1761 1293 1867 1331 sua
1895 1275 2103 1331 limina
2130 1275 2393 1331 intraret.
2439 1293 2577 1331 cum
2607 1284 2811 1331 autem

634 1359 850 1419 herum
887 1361 1048 1416 illius
1097 1356 1308 1417 domus
1345 1357 1654 1416 hominem
1685 1359 2020 1437 improbum
2054 1378 2180 1417 esse
2208 1368 2533 1433 constaret,
2591 1359 2808 1416 festive

635 1447 812 1504 illum
840 1446 981 1503 lusit
1003 1445 1299 1521 Diogenes
1329 1445 1616 1522 Cynicus·
1661 1443 1949 1522 quomodo
1970 1463 2132 1521 ergo,
2173 1445 2385 1522 inquit,
2416 1442 2535 1520 sas
2563 1444 2670 1499 erit
2696 1443 2809 1499 do-

638 1533 871 1589 minum
899 1528 1137 1609 ingredi
1154 1549 1332 1586 suam
1355 1529 1622 1598 domum,
1664 1549 1717 1583 ει
1708 1527 1898 1585 nihil
1924 1528 2076 1585 mali
2095 1530 2313 1584 intrare
2335 1522 2546 1587 debet?
2609 1537 2808 1585 exstat

636 1614 799 1695 apud
825 1611 1274 1673 Theodoretum
1302 1615 1566 1671 oratione
1597 1611 1673 1670 de
1702 1604 2103 1670 Providentia.
2187 1613 2372 1669 Rrrr.

805 1703 909 1763 81.
993 1697 1148 1755 bona
1184 1699 1465 1756 Victoria.
1555 1699 1842 1754 Graecam
1877 1699 2272 1755 imitationem
2314 1693 2496 1753 habet
2532 1692 2635 1752 hic
2675 1716 2811 1754 ver-

629 1806 772 1860 sus,
830 1802 949 1882 quo
982 1776 1136 1860 καλὴ
1178 1782 1318 1858 νίκη
1351 1779 1649 1837 redditur:
1703 1800 1847 1837 nam
1883 1778 2070 1845 καλόν
2104 1793 2163 1839 et
2200 1775 2442 1862 α’γαθόν
2480 1800 2812 1859 synonyma

633 1880 773 1929 sunt
813 1869 871 1924 ei
904 1867 1166 1943 linguae.
1254 1863 1410 1921 bona
1455 1885 1595 1923 vero
1637 1863 1846 1922 favens
1889 1876 1979 1923 est
2021 1876 2082 1922 et
2128 1863 2472 1940 commoda,
2532 1885 2810 1944 prospera

626 1963 812 2033 atque
839 1951 1038 2023 utilis,
1094 1959 1161 2006 ut
1206 1947 1361 2006 bona
1406 1949 1560 2006 Iuno
1605 1947 1767 2027 apud
1791 1951 2124 2007 Horatium.
2208 1951 2355 2007 facit
2396 1952 2663 2029 apprime
2690 1948 2808 2008 huc

633 2035 797 2117 quod
824 2033 1233 2093 laudatissimo
1258 2034 1366 2092 illo
1399 2034 1698 2093 Glossario
1734 2035 2070 2110 καλλίνικος
2099 2036 2524 2094 invictissimus
2556 2037 2805 2114 exponi-

632 2132 749 2181 tur.
833 2124 1082 2179 Buri-11.

799 2209 905 2273 88.
989 2223 1198 2263 verum
1223 2223 1351 2263 esse
1381 2204 1712 2263 Cannicum
1732 2214 1865 2263 tum
1891 2206 1954 2263 in
1983 2204 2194 2264 officiis
2232 2205 2441 2264 aulicis
2475 2205 2656 2264 fnisse
2682 2223 2833 2277 ιιοιιἱ

636 2311 830 2370 nego.
812 2308 830 2347 t
890 2302 950 2349 at
983 2310 1050 2347 eo
1082 2295 1257 2368 poeta
1287 2290 1522 2365 allusit,
1584 2289 1747 2371 quod
1795 2289 1875 2348 ad
1921 2293 2256 2370 ingressum
2291 2292 2526 2369 imperii
2560 2310 2629 2349 ea
2661 2309 2806 2348 voce

633 2378 882 2436 solitum
922 2375 1091 2454 cpoli
1129 2394 1285 2433 novo
1327 2377 1581 2454 principi
1624 2376 1958 2435 acclamari.
2067 2377 2355 2454 Georgius
2390 2374 2691 2434 cedrenus
2733 2373 2809 2433 de

636 2457 970 2540 Nicephoro
1000 2456 1239 2518 Phoca.
1302 2463 1488 2520 ταῦτα
1526 2456 1600 2521 δὲ
1628 2464 1945 2535 ποιοῦντες
1973 2458 2039 2523 ἔν
2064 2466 2195 2532 ταῖς
2227 2462 2527 2534 πλατείαις
2554 2463 2665 2565 τῆς
2694 2454 2811 2523 πό·-

636 2549 787 2621 λεως
811 2544 877 2609 ἔν
906 2567 968 2608 τε
991 2550 1120 2618 ταῖς
1148 2536 1396 2627 ἀγοραῖς
1421 2542 1485 2606 ἔν
1516 2566 1579 2607 τε
1617 2551 1745 2620 τοῖς
1780 2550 2105 2620 στενωποῖς
2136 2539 2501 2625 Νικηφόρον
2533 2538 2810 2625 ἆνευφή-

639 2654 796 2773 powg
826 2631 1217 2771 Kalllmxoti.)
1289 2650 1410 2687 non
1440 2650 1588 2708 opus
1616 2650 1754 2708 ergo
1781 2640 1849 2772 qt
1878 2629 1951 2688 de
1980 2649 2351 2790 eocffime
2359 2641 2485 2689 tam
2519 2632 2810 2774 εοΙΙίοέτιισ

630 2720 714 2775 sit
796 2717 1127 2775 octissimus
1223 2735 1315 2771 em
1359 2725 1583 2788 sterne,
1697 2737 1759 2773 ιιι
1830 2719 1979 2774 uerit
2211 2736 2312 2774 cus
2422 2735 2560 2773 cum
2641 2736 2676 2774 o
2715 2726 2810 2774 tae

633 2802 892 2859 liberum
918 2802 1036 2858 tale
1070 2798 1215 2881 quid
1243 2735 1464 2877 fingere
1492 2801 1632 2857 licet
1637 2736 1763 2874 ,qut
1793 2798 1941 2878 dixi,
1986 2821 2183 2882 exque
2211 2736 2806 2916 sequentibusppatet,

635 2888 717 2943 sit
741 2886 919 2941 aulici
947 2886 1195 2942 alicuius
1217 2905 1456 2942 nomen.
1540 2887 1790 2944 Bima.

806 2966 906 3031 84.
991 2970 1273 3025 ηιὶιιὶειεν.
1365 2973 1655 3028 assentior
1690 2971 2023 3048 legentibus
2066 2967 2225 3048 apud
2256 2970 2609 3029 Suetonium
2646 2972 2803 3048 Aug.

633 3056 712 3117 -2,
759 3072 912 3110 avus
933 3053 1056 3109 eius
1081 3052 1544 3130 nmnicipalibus
1568 3056 1906 3113 mintbteriis
1934 3053 2108 3134 (olim
2144 3052 2526 3135 magiscaeula)
2571 3059 2808 3113 conlea-

638 3148 754 3195 ms.
844 3139 1040 3196 Valer.
1067 3140 1106 3200 7
1139 3141 1177 3201 3
1205 3141 1269 3201 9.
1353 3139 1536 3218 Apul.
1571 3143 1643 3203 9:
1686 3140 1965 3197 immissis
2000 3141 2203 3219 itaque
2241 3138 2547 3198 lictoribus
2574 3141 2807 3198 ceteris-

635 3242 753 3300 que
783 3221 1051 3298 publicis
1087 3223 1422 3279 minister-lise
1461 3223 1805 3302 angulatim
1836 3235 2052 3283 cuncta
2083 3225 2450 3303 perlustrare
2477 3224 2705 3297 habent,
2748 3236 2809 3284 et

637 3310 750 3369 10:
809 3306 1043 3362 donec
1015 3327 1182 3364 mssa
1218 3309 1679 3387 magistratuum
1707 3311 2037 3367 ηιὶιιὶειενία
2050 3309 2307 3388 publica
2336 3309 2635 3371 annulum
2661 3310 2808 3389 ser-

630 3409 798 3446 reum
824 3390 1151 3470 confit-unt.
1228 3392 1369 3451 Sen.
1404 3395 1607 3455 Octav.
1637 3393 1768 3453 dixi
1796 3386 1985 3453 infra:
2028 3395 2228 3456 malus
2255 3406 2338 3454 est
2365 3396 2627 3458 minister
2654 3396 2809 3473 regri

628 3476 888 3552 imperii,
928 3486 1136 3534 metus.
1224 3479 1503 3539 Deum.

798 3561 901 3625 85.
982 3559 1131 3619 haec
1153 3562 1297 3621 deus
1319 3565 1708 3643 omnia—secie.
1800 3566 1885 3625 sic
1905 3565 2061 3623 infra
2089 3564 2595 3629 v.182.R1·1·1·.

796 3648 899 3709 86.
985 3644 1060 3703 de
1089 3667 1332 3706 suorum
1359 3652 1687 3708 carminum
1707 3652 2024 3730 praeconio
2051 3650 2346 3730 loquitur,
2393 3667 2511 3727 quo
2543 3646 2797 3706 aeterni-

626 3736 812 3786 tatem
837 3729 1018 3788 simul
1041 3752 1178 3789 cum
1200 3734 1651 3811 imperatoribus
1679 3733 1935 3814 spondet
1959 3734 2264 3809 Callinico,
2295 3734 2573 3811 exemplo
2597 3734 2801 3788 Maro-

627 3814 756 3871 nis:
811 3814 868 3869 σὶ
892 3815 1045 3893 quid
1063 3837 1196 3874 mea
1232 3819 1501 3878 carmina
1527 3829 1809 3897 possunt,
1873 3818 2050 3879 nulla
2086 3819 2212 3877 dies
2252 3838 2521 3898 unquam
2557 3817 2805 3878 memora·

628 3917 734 3955 vos
757 3898 964 3958 eximat
983 3921 1152 3962 aeva.
1241 3904 1488 3964 Burru-

794 3986 898 4047 87.
982 3984 1242 4049 mercede
1266 3998 1354 4045 est
1371 4008 1490 4064 pro
1515 3987 1802 4060 mercede,
1844 3989 1973 4048 eius
2004 3988 2218 4046 vicem.
2301 3990 2551 4047 But-ru.

792 4069 896 4131 89
979 4091 1146 4128 mora
1173 4071 1350 4128 nulla
1378 4071 1503 4151 dei]
1548 4074 1753 4132 nullus
1784 4071 1885 4132 hic
1907 4074 2012 4132 deo
2039 4074 2227 4130 locus.
2312 4074 2466 4132 forte
2494 4093 2604 4152 per
2637 4090 2802 4130 com—

626 4148 911 4229 pendium
936 4158 1257 4234 scripturae
1283 4157 1519 4240 irrepsit
1543 4159 1789 4232 vitium,
1849 4168 1909 4216 et
1954 4154 2279 4233 legendum
2294 4157 2386 4231 fit
2420 4160 2599 4217 iussis
2636 4177 2807 4215 mora

627 4236 828 4309 nulla,
866 4239 1074 4296 domus
1097 4259 1231 4296 mox
1252 4235 1522 4298 claustra
1549 4240 1860 4300 resolvens.
1951 4243 2191 4300 voucn.

791 4326 892 4385 90.
977 4323 1249 4380 stridenti
1270 4326 1530 4406 cardme]
1578 4328 1925 4406 exemplum
1946 4325 2213 4383 imitatur
2230 4323 2609 4388 heroicorum
2632 4322 2803 4383 aedi-

623 4401 910 4481 ficiorum,
941 4407 1155 4487 quibus
1186 4404 1364 4466 aheni
1396 4412 1747 4493 plerumque
1775 4431 1811 4472 a
1837 4411 2030 4490 poetis
2066 4408 2334 4471 cardines
2364 4409 2804 4473 substruuntur.
