3210 5200
949 448 1040 514 IN
1086 447 1617 514 IOHANNIDOS
1666 447 1731 513 Π
1777 447 2081 515 ΝΟΤΔΕ.
2445 450 2592 520 235

404 609 541 674 veni
586 598 648 672 in
697 621 901 673 nostro
945 609 1149 670 codice
1194 620 1253 670 et
1302 609 1445 670 huic
1476 613 1737 692 poemati
1775 614 2033 689 subieci,
2107 612 2326 694 legitur
2356 634 2593 696 semper

404 695 1041 758 Reciemrius.h1mc
1082 696 1378 756 scribendi
1419 696 1671 756 modum
1715 702 1963 773 retinui,
2028 703 2168 780 quia
2196 721 2274 758 ex
2299 701 2406 757 lib.
2435 705 2473 763 6
2506 706 2588 767 28

405 797 465 843 et
496 804 666 865 seqq.
712 793 943 841 constat
990 803 1121 840 esse
1163 780 1423 840 eundem
1453 780 1861 863 Ῥεκινᾶρων,
1927 803 2107 863 quem
2153 788 2475 863 Procopius
2515 786 2590 844 de

406 870 558 927 bello
587 872 755 927 Pers.
783 872 827 931 2
855 872 936 932 27
962 870 1045 924 ait
1070 870 1320 925 missum
1346 870 1532 926 fuisse
1562 879 1857 926 oratorem
1881 890 1916 927 a
1948 871 2272 928 Iustiniana
2302 870 2379 927 ad
2397 868 2588 929 Chos—

408 961 549 1012 Γοὸιι
597 951 907 1012 Chavodes
949 953 1142 1010 filium
1182 956 1497 1011 Persarum
1537 972 1765 1032 regem.
1861 953 2268 1013 Rhecinarius
2316 957 2497 1013 etiam
2552 975 2586 1013 a

406 1040 679 1096 Maltreto
705 1035 930 1094 ibidem
954 1040 1165 1094 Latine
1194 1040 1459 1095 vertitur.

573 1139 717 1205 815.
804 1159 860 1196 v.
892 1157 1068 1216 supra
1099 1136 1177 1196 ad
1199 1159 1257 1197 v.
1286 1141 1431 1205 268.

573 1243 716 1302 320.
802 1243 1003 1317 impar
1042 1239 1297 1299 anhelis·
1389 1241 1452 1298 in
1482 1254 1812 1302 memorato
1842 1243 1951 1301 lib.
2009 1244 2038 1304 1
2091 1240 2384 1321 poematis
2417 1243 2465 1300 L
2510 1244 2583 1299 L.

405 1327 493 1381 De
517 1327 698 1381 Bonis
724 1329 789 1382 in
815 1325 1055 1382 laudem
1080 1326 1170 1383 Io.
1218 1324 1362 1383 Gal.
1409 1326 1782 1385 Vicecomitis
1795 1369 1817 1397 ,
1868 1329 1933 1384 iu
1982 1346 2100 1406 quo
2139 1324 2205 1383 hi
2234 1346 2440 1385 versus
2469 1347 2583 1384 ex·-

403 1413 604 1488 sc-ripti
635 1411 873 1467 fuerunt
891 1454 908 1484 ‚
961 1413 1130 1468 iuxta
1174 1408 1307 1468 cod.
1348 1412 1608 1469 Trivult.
1639 1414 1695 1469 A
1722 1411 1847 1476 274
1874 1433 1936 1490 p.
1964 1416 2087 1476 209
2129 1423 2188 1469 et
2216 1416 2340 1477 216
2370 1432 2431 1470 v.
2459 1409 2583 1476 244

402 1497 619 1572 legitur
644 1496 899 1572 impiger
929 1497 1147 1574 aegris.

571 1582 713 1642 330.
800 1579 1102 1637 retollunt.
1161 1599 1285 1638 vox
1308 1576 1582 1637 addenda
1607 1580 1820 1637 lexicis
1848 1580 2089 1657 linguae
2115 1581 2385 1654 Latinae,
2432 1599 2584 1660 quae

403 1673 601 1720 tamen
628 1683 829 1722 rursus
861 1667 1110 1722 occurrit
1141 1662 1182 1725 4
1213 1664 1398 1728 1154.

571 1748 717 1812 334.
802 1760 1033 1807 moveat
1060 1750 1197 1807 duri
1227 1752 1293 1807 in
1328 1748 1687 1807 discrimine.
1779 1751 1866 1809 sic
1896 1749 1959 1806 in
1988 1747 2120 1806 cod.
2149 1749 2419 1828 Corippi‚
2477 1746 2584 1807 sed

403 1833 467 1888 iu
493 1830 621 1890 cod.
651 1835 705 1889 A
730 1832 853 1896 274
888 1838 937 1892 Ι.
977 1836 1047 1893 L.
1092 1835 1181 1891 De
1213 1836 1397 1893 Bonis
1442 1834 1613 1892 laud.
1654 1834 1785 1893 Iole.
1843 1833 1987 1893 Gal.
2037 1834 2326 1892 Vicecom
2374 1854 2434 1912 p.
2460 1838 2583 1898 216

404 1919 614 1981 §2255
642 1918 894 1995 legitur.
937 1930 1211 1978 moveant
1239 1920 1361 1977 diri
1387 1919 1763 1992 discremina,
1807 1930 1867 1977 et
1890 1941 1955 2000 Ρ.
1982 1921 2142 1983 209.
2188 1928 2419 1977 moveat
2445 1917 2587 1975 duri

401 2005 467 2058 ἰιι
494 2002 861 2060 ιῖἱσονὶιηιηα.

564 2091 708 2152 336.
799 2086 1006 2146 citatis
1028 2087 1178 2145 locis
1209 2084 1341 2144 cod.
1374 2090 1428 2144 A
1463 2086 1587 2151 274
1617 2097 1735 2147 est:
1801 2089 1924 2144 esit.
1965 2097 2021 2144 et
2045 2089 2111 2144 in
2135 2088 2364 2145 modico
2386 2087 2583 2165 plana

399 2192 535 2227 cum
564 2193 701 2228 voce
733 2172 993 2231 luemus.
1082 2174 1250 2251 Virg.
1282 2172 1446 2230 Aen.
1480 2176 1522 2236 7
1554 2173 1705 2238 1942
1749 2185 1930 2252 atque
1960 2171 2109 2230 haec
2137 2175 2417 2251 ingressis
2432 2173 2584 2249 pla-

398 2256 528 2313 cido
551 2261 721 2334 prior
750 2259 935 2316 edidit
961 2277 1078 2314 ore.

569 2343 712 2405 350.
796 2363 890 2400 ms
922 2341 1190 2414 rebellis,
1182 2363 1195 2377 ·
1240 2339 1347 2399 sed
1372 2338 1549 2400 huius
1580 2343 1742 2400 vocis
1765 2364 1796 2399 s
1822 2352 2155 2401 transverso
2189 2342 2360 2400 obelo
2385 2342 2583 2399 elimi-

399 2434 539 2481 nata
570 2426 687 2483 fuit
730 2429 924 2499 male,
987 2437 1051 2484 ut
1084 2437 1252 2505 puto.
1341 2428 1461 2483 Cic.
1495 2428 1561 2483 in
1595 2428 1801 2485 Vatia.
1826 2450 1846 2483 .·
1890 2428 2103 2504 inflato
2144 2426 2294 2484 collo
2343 2428 2590 2484 tumidis

403 2510 725 2568 vervicibus
754 2512 1029 2570 intulisti.
1119 2507 1250 2568 Ioh.
1278 2512 1349 2569 L.
1384 2513 1472 2568 De
1497 2513 1683 2570 Bonis
1730 2514 1793 2570 in
1834 2518 2108 2591 poemate
2148 2532 2255 2591 pro
2304 2511 2590 2568 Galeazco

411 2593 756 2653 Vicecomite
780 2595 942 2655 hunc
965 2616 1233 2670 versum,
1291 2597 1397 2677 qui
1435 2590 1517 2654 ibi
1556 2607 1645 2655 est
1691 2603 1719 2660 1
1758 2602 1917 2671 256,
1977 2599 2063 2656 sic
2101 2597 2386 2676 exprimit
2418 2598 2589 2654 iuxta

402 2678 535 2747 cod.
562 2684 617 2737 A
640 2682 802 2745 275.
845 2682 966 2739 huc
989 2681 1195 2758 sijbrs
1217 2682 1728 2760 tumidumsoeciet
1756 2685 1978 2742 cervice
2011 2681 2237 2740 rebelli.

567 2781 713 2846 351.
796 2781 927 2842 Ioh.
953 2784 1025 2841 L.
1059 2784 1149 2840 De
1175 2785 1357 2843 Bonis
1386 2785 1430 2841 l.
1458 2784 1555 2842 cit.
1586 2803 1645 2844 V.
1673 2784 1833 2849 257·
1816 2826 1833 2842 .
1879 2805 1985 2842 nec
1997 2787 2224 2863 penitet
2250 2783 2434 2841 ultra.

468 2965 508 3025 d
569 2882 714 2947 354.
800 2884 960 2964 apud
998 2887 1089 2944 De
1126 2887 1311 2944 Bonis
1340 2886 1387 2945 1.
1429 2904 1481 2943 o.
1523 2906 1583 2945 v.
1626 2891 1752 2953 260
1793 2897 1953 2944 certa
1968 2908 1994 2961 ,·
2054 2885 2163 2946 sed
2205 2887 2373 2946 Getta
2402 2896 2493 2946 est
2520 2887 2586 2943 in

397 2987 466 3026 oo
513 3010 527 3026 .
556 2972 609 3027 A
634 2968 780 3033 274.

565 3056 709 3117 360.
794 3056 884 3113 De
918 3057 1104 3114 Bonis
1144 3056 1211 3112 in
1257 3051 1388 3113 cod.
1434 3056 1490 3112 A
1531 3057 1655 3122 274
1688 3053 1872 3115 habet
1911 3055 2062 3115 haec
2099 3058 2337 3116 monitio
2347 3098 2375 3128 ,
2424 3056 2582 3115 etin

396 3136 529 3196 cod.
564 3139 685 3201 275
716 3140 964 3199 fortasse
991 3143 1209 3199 melius
1238 3150 1295 3196 et
1315 3141 1571 3198 monitis.

564 3222 705 3285 364.
791 3225 953 3305 apud
978 3228 1067 3283 De
1096 3228 1280 3283 Bonis
1305 3225 1349 3289 l.
1368 3245 1420 3283 c.
1439 3245 1496 3283 v.
1515 3230 1639 3291 270
1665 3228 1888 3304 legitur
1902 3230 2172 3303 peniteat
2199 3226 2264 3284 in
2289 3227 2417 3286 solo
2443 3223 2582 3286 cod.

565 3394 707 3455 368
794 3413 972 3473 saepe
999 3405 1202 3454 auctor
1222 3404 1426 3454 noster
1453 3393 1636 3454 habet
1657 3413 1800 3473 prae
1826 3397 2013 3454 oculis
2038 3397 2269 3455 celebre
2291 3396 2579 3474 Virgilia-

397 3464 545 3533 nurn
571 3474 813 3535 effatum
842 3476 916 3536 de
945 3482 1229 3539 Romanis
1257 3481 1420 3539 Aen.
1454 3486 1494 3546 6
1521 3480 1679 3555 853,
1739 3499 1917 3558 supra
1950 3484 2198 3540 citatum
2235 3478 2313 3538 ad
2347 3484 2382 3543 1
2420 3480 2576 3589 149·
2555 3522 2578 3555 ‚

393 3571 461 3618 nt
487 3564 668 3618 etiam
701 3564 775 3620 de
796 3565 965 3622 laud.
1004 3566 1155 3622 Just.
1186 3571 1226 3630 2
1255 3569 1402 3630 283.

563 3647 705 3709 383.
792 3653 970 3706 etiam
996 3649 1359 3710 Claudianus
1386 3649 1631 3709 Alanos
1655 3650 1852 3728 iungit
1874 3668 2009 3707 cum
2049 3650 2240 3707 Urmia
2271 3650 2372 3708 vel
2390 3649 2583 3708 Hun-

395 3732 490 3787 nis
522 3735 588 3789 in
618 3732 776 3805 Rus
747 3754 833 3790 n
874 3738 917 3797 2
944 3738 1102 3800 270·
1086 3778 1104 3811 ,
1171 3739 1394 3794 etenim
1422 3747 1549 3793 tam
1580 3738 1737 3794 Uuni
1770 3754 1952 3815 quam
1977 3736 2159 3792 Alani
2186 3735 2393 3813 populi
2424 3720 2580 3814 Scy-

392 3813 553 3874 thiae
584 3817 844 3881 fuernnt.
929 3823 1051 3879 scio
1092 3831 1293 3879 autem
1334 3820 1686 3899 productam
1713 3821 1900 3878 fuisse
1929 3818 2253 3878 secundam
2281 3820 2579 3898 syllabam

391 3901 454 3957 in
485 3921 627 3959 voce
656 3904 908 3963 Alanus
945 3922 1082 3963 cum
1128 3926 1163 3963 a
1196 3906 1455 3963 Martiali
1494 3916 1626 3964 tum
1657 3907 1731 3964 ab
1775 3908 1905 3985 ipso
1939 3903 2304 3978 Claudianum
2364 3903 2474 3964 sed
2511 3907 2579 3962 in

391 3971 730 4046 nominibus
775 3993 1030 4070 propriis
1071 3995 1390 4070 praecipue
1438 3991 1761 4050 barbaricis
1801 4010 2014 4070 parum
2047 4001 2380 4049 constantes
2422 3991 2581 4048 inter

395 4086 459 4123 ze
487 4077 691 4146 poetas
718 4073 901 4132 fnisse
932 4087 1110 4156 atque
1137 4074 1452 4155 prosodiae
1486 4076 1889 4152 observantes,
1934 4096 2141 4134 omnes
2170 4086 2406 4138 norunt.

392 4252 442 4311 I
501 4263 543 4309 e
561 4172 703 4318 31885.
771 4176 1172 4251 famulantur
1207 4178 1277 4236 in
1311 4177 1474 4236 aulis
1520 4179 1812 4259 corippus
1855 4179 1985 4258 ipse
2019 4177 2227 4258 praqf.
2277 4177 2355 4236 de
2402 4174 2574 4234 laud.

427 4273 500 4311 us

560 4338 705 4403 400.
791 4341 866 4402 de
894 4342 1010 4403 hoc
1034 4356 1326 4407 tormento
1352 4347 1569 4406 bellico
1601 4346 1741 4408 vide
1776 4346 2058 4410 adnotata
2090 4345 2169 4406 ad
2194 4350 2235 4410 2
2269 4347 2410 4410 100.

555 4424 703 4488 403.
787 4448 882 4488 ms
913 4442 969 4486 et
996 4430 1177 4505 bone,
1224 4432 1333 4493 sed
1359 4454 1483 4493 non
1507 4435 1651 4493 satis
1676 4435 1853 4499 clare.
