3210 5200
842 388 932 456 IN
970 333 1501 457 lomNNmos
1552 391 1995 458 vrworffl.
2422 397 2571 467 283

542 560 687 623 220.
781 557 1022 636 quique]
1074 553 1233 615 hanc
1260 577 1471 617 vocem
1497 559 1808 637 supplevi,
1868 562 2011 641 quia
2033 579 2239 621 versus
2251 561 2572 624 selandicu-

374 645 495 702 bat.
546 645 838 702 ·‹s›1·tasse
871 643 1091 699 melius
1121 652 1246 699 erat
1272 645 1537 721 qui-sque.

541 728 687 793 225.
775 728 1062 805 Virgilius
1104 730 1311 785 novies
1355 729 1565 806 incipit
1612 747 1854 787 versum
1889 729 1964 787 ab
2001 727 2116 788 hac
2147 731 2292 789 voce
2324 735 2567 812 quippe.

373 815 496 873 iulo
534 816 691 872 Aen.
731 815 814 877 12
855 813 982 875 422
1022 815 1243 890 pariter
1268 815 1531 890 incipit:
1555 816 1777 890 quippe
1809 813 1995 872 dolor.

541 903 685 963 229.
772 917 1089 976 secumque
1118 896 1347 955 volutat
1377 900 1539 976 Virg.
1567 900 1725 956 Aen.
1764 897 1804 961 4
1846 901 1993 963 533.

545 985 691 1048 235.
780 985 903 1041 cic.
924 1003 1039 1060 pro
1077 981 1207 1060 lege
1246 984 1497 1060 agraria
1522 1003 1575 1040 c.
1608 987 1679 1046 1:
1725 994 1938 1041 cautus
1963 986 2030 1040 in
2046 983 2363 1061 periculik,
2406 996 2468 1045 et
2493 989 2584 1048 ad

324 1091 327 1094 ·
385 1069 679 1144 Quintum
709 1069 983 1126 mtrem
1010 1072 1049 1130 3
1082 1088 1178 1145 ep.
1201 1068 1344 1126 ult.:
1387 1079 1634 1126 cautum
1662 1089 1783 1126 ecce
1809 1071 1875 1125 in
1898 1067 2231 1127 scribendo·

544 1158 687 1218 286.
775 1150 949 1212 ovid.
981 1171 1049 1208 ex
1075 1154 1271 1210 Ponto
1299 1151 1341 1215 4
1380 1158 1422 1216 7
1466 1156 1504 1215 9
1527 1186 1604 1195 -
1628 1155 1743 1216 1οε
1792 1155 1917 1231 ipse
1948 1154 2114 1211 vides
2142 1166 2386 1213 onerata
2393 1156 2578 1234 ferox

374 1250 445 1295 ut
480 1239 668 1296 ducat
692 1239 878 1315 Iazyx
898 1256 1013 1314 per
1041 1237 1270 1294 medias
1292 1238 1439 1295 Istri
1454 1237 1742 1315 plaustra
1774 1237 2068 1296 bubulcus
2099 1260 2313 1318 aqum.

540 1325 684 1388 241.
773 1325 936 1399 Virg.
969 1322 1127 1378 Aen.
1159 1328 1197 1386 7
1241 1323 1402 1386 794:
1450 1325 1702 1401 agmina
1734 1323 2080 1381 densantur.

539 1413 757 1473 253-
774 1406 836 1471 5.
925 1410 1109 1465 etiam
1151 1409 1315 1485 Virg.
1365 1410 1561 1485 iungit
1591 1409 1774 1466 simul
1804 1411 1986 1486 tigres
2016 1410 2222 1468 leones
2252 1420 2310 1467 et
2342 1429 2569 1490 angues

380 1494 598 1571 Georg.
638 1498 678 1556 2
723 1493 937 1557 151-
955 1493 1016 1557 4.
1105 1511 1213 1570 pro
1266 1512 1672 1554 mansuescere
1712 1495 1904 1550 activo
1947 1492 2084 1552 vide
2130 1494 2287 1553 iufra
2327 1515 2388 1560 v.
2421 1495 2567 1573 484,

371 1589 432 1636 et
461 1590 527 1635 ut
558 1575 1005 1657 quadrisyllabo
1043 1575 1181 1634 vide
1212 1580 1396 1634 etiam
1420 1580 1584 1655 Virg'.
1624 1579 1842 1656 Georg.
1873 1581 1916 1644 4
1957 1576 2105 1644 470.

539 1664 895 1726 258.c11!e
924 1683 1081 1719 not-a
1110 1663 1274 1740 vitg.
1305 1663 1464 1720 Aen.
1491 1669 1531 1727 7
1571 1661 1720 1728 477.

542 1746 686 1814 264.
774 1747 977 1804 confer
1011 1752 1051 1811 7
1097 1707 1251 1812 124?
1428 1773 1433 1782 ·

542 1835 686 1895 273.
772 1833 833 1888 in
880 1831 1165 1890 Numidia
1201 1833 1449 1890 australi
1490 1833 1641 1890 situs
1682 1841 1775 1889 est
1811 1850 1990 1891 mous
2026 1831 2358 1903 Amasim,
2399 1833 2567 1894 cuius

373 1916 606 1974 incolae
636 1928 801 1974 erant
831 1920 1026 1976 Mauri
1054 1918 1165 1976 sub
1198 1920 1465 1998 principe
1494 1914 1714 1990 lauda,
1763 1913 1837 1975 de
1871 1936 1991 1996 quo
2016 1921 2244 1977 mentio
2271 1918 2340 1975 fit
2372 1921 2435 1976 in
2468 1939 2569 1978 se·-

372 2002 691 2081 quentibus
729 2004 1034 2076 versibus,
1078 2014 1144 2062 ut
1176 2005 1500 2082 Procopius
1540 2005 1625 2062 ait
1664 2003 1738 2059 cle
1763 2000 1916 2059 bello
1953 2004 2154 2062 Vand-
2195 2008 2226 2068 1
2280 2007 2342 2068 8.
2425 2004 2568 2064 vide

369 2088 455 2144 ibi
480 2091 523 2149 2
564 2093 640 2151 12
666 2099 723 2146 et
747 2108 874 2168 seq.
893 2133 909 2163 ,
948 2088 1053 2146 ubi
1081 2089 1253 2167 plura
1277 2099 1479 2148 narrat
1502 2087 1577 2145 de
1602 2086 1786 2145 labda
1827 2087 1853 2166 (
1868 2091 1954 2146 sic
1978 2092 2140 2147 euim
2165 2086 2321 2147 illud
2344 2109 2570 2149 nomen

371 2176 548 2231 vertit
577 2175 887 2233 Maltretus
920 2194 1003 2231 ex
1034 2176 1261 2232 Graeco
1295 2168 1558 2253 Ἰάβὸας,
1611 2171 1774 2253 quod
1805 2172 1972 2232 idem
2004 2184 2175 2232 sonat
2200 2192 2270 2231 ac
2297 2173 2568 2255 laudas)

369 2260 635 2338 principe
671 2262 1021 2318 Maurorum
1061 2262 1165 2339 qui
1206 2261 1333 2317 illic
1371 2258 1741 2317 habitabant.
1829 2258 2036 2316 confer
2075 2261 2259 2316 etiam
2297 2259 2570 2318 eiusdem

367 2344 510 2401 libri
535 2348 576 2405 2
609 2364 659 2401 c.
692 2349 769 2408 19
802 2355 860 2401 et
888 2364 1016 2424 seq.
1059 2356 1117 2404 et
1159 2365 1210 2403 c.
1247 2347 1363 2418 25,
1406 2348 1557 2403 item
1593 2343 1671 2400 de
1690 2344 2008 2418 Aedficak
2044 2347 2084 2408 6
2121 2347 2196 2418 7,
2243 2353 2303 2402 et
2348 2345 2568 2404 cellar.
2681 2407 2687 2412 ,

381 2429 553 2505 Geog
516 2450 602 2484 «tr.
597 2430 785 2488 Ant.
819 2429 861 2491 4
902 2427 941 2491 5
989 2448 1051 2507 p.
1081 2433 1296 2495 186—-
1312 2435 1385 2503 7,
1430 2433 1534 2510 qui
1573 2440 1779 2487 tamen
1824 2426 2083 2486 eundem
2126 2438 2394 2486 montem
2428 2429 2570 2490 Au.-

369 2515 651 2571 stmaimn
676 2524 878 2587 vocat,
930 2517 1041 2572 etsi
1070 2516 1131 2573 in
1159 2533 1269 2575 sua
1294 2515 1499 2573 tabula
1510 2512 1927 2594 geographica
1957 2523 2154 2572 exstet
2176 2513 2502 2573 Amasim.

538 2604 684 2664 277.
772 2600 1039 2680 laudas]
1097 2598 1171 2660 de
1217 2621 1287 2660 eo
1330 2599 1469 2659 vide
1507 2613 1776 2661 nostram
1816 2612 2023 2660 notam
2070 2598 2148 2658 ad
2185 2600 2292 2659 lib.
2338 2605 2376 2664 8
2425 2605 2573 2676 302,

369 2705 483 2741 nec
523 2703 644 2741 uon
682 2687 1040 2763 Procopitun
1079 2687 1227 2746 locis
1266 2707 1461 2765 nuper
1501 2678 1725 2761 citatis,
1779 2698 1838 2745 et
1870 2686 1945 2745 de
1975 2685 2126 2743 bello
2164 2685 2345 2745 Goth.
2378 2683 2418 2749 4
2470 2690 2574 2751 17-

367 2767 470 2827 hic
496 2782 695 2827 narrat
727 2768 890 2850 quod
917 2773 1096 2829 variis
1128 2770 1496 2853 diversisque
1530 2771 1746 2831 accidit
1779 2773 2181 2851 temporibus:
2219 2791 2365 2829 nam
2388 2791 2570 2849 prae-

367 2866 605 2934 postere
650 2857 905 2913 Autalae
950 2855 1320 2915 deditionem
1365 2860 1575 2932 refert,
1627 2858 1700 2916 de
1742 2877 1862 2938 qua
1904 2856 2061 2916 nihil
2086 2860 2379 2936 reperitur
2407 2854 2570 2936 apud

367 2942 694 3019 corippmn
730 2951 1030 3016 nostrum,
1080 2946 1222 3022 quia
1269 2944 1519 3002 sortasse
1564 2943 1640 3002 de
1683 2963 1754 3002 ea
1800 2946 1925 3023 egit
1961 2954 2196 3002 tantum
2234 2945 2298 3000 iu
2337 2943 2492 3001 libro
2523 2945 2568 3007 8

365 3023 545 3084 huius
580 3029 909 3104 poematis,
960 3030 1068 3108 qui
1115 3048 1357 3108 prorsus
1395 3030 1610 3110 periit,
1664 3050 1804 3088 cum
1844 3049 1970 3089 non
2017 3038 2212 3089 exstet
2248 3031 2315 3086 in
2356 3025 2564 3087 codice

338 3113 541 3170 --unico
563 3113 963 3170 TrivultianO.

532 3199 677 3261 283.
762 3196 1016 3256 Austur.
1109 3217 1289 3276 supra
1317 3202 1357 3262 2
1398 3200 1482 3261 89
1510 3209 1570 3257 et
1595 3204 1672 3264 91
1705 3200 1958 3258 occurrit
1983 3199 2048 3258 in
2073 3220 2168 3258 ms
2198 3196 2316 3257 hoc
2338 3216 2564 3259 nomen

367 3283 454 3339 sic
482 3282 702 3354 Astur,
745 3281 852 3341 sed
889 3281 1120 3340 ibidem
1148 3303 1206 3341 v.
1238 3285 1361 3347 209
1401 3293 1461 3341 et
1493 3281 1652 3359 345,
1694 3297 1761 3343 ut
1799 3283 1932 3359 hic,
1977 3295 2067 3344 est
2093 3285 2349 3346 Ausucr.
2441 3284 2563 3341 ibi-

366 3365 506 3423 dem
548 3365 625 3423 ad
668 3370 928 3447 priorem
970 3387 1052 3425 ex
1094 3371 1289 3427 citatis
1333 3369 1608 3428 versibus
1662 3372 1970 3429 confessus
2011 3390 2148 3429 sum
2189 3391 2289 3428 me
2329 3371 2560 3433 nescire

365 3454 500 3530 quis
526 3454 781 3530 populus
809 3454 1047 3511 Africae
1073 3457 1150 3513 sit
1172 3455 1427 3515 Auslur.
1516 3456 1722 3512 inveni
1750 3466 1953 3512 autem
1976 3456 2338 3513 ubiiaceant
2361 3455 2565 3530 campi

336 3539 797 3609 ‚Mammensea,
835 3558 1054 3617 nempe
1090 3541 1154 3596 in
1199 3540 1470 3599 confiniis
1506 3538 1960 3598 mediterraneis
1992 3541 2267 3617 Byzacii,
2315 3549 2382 3596 ut
2415 3558 2561 3597 con-

358 3633 480 3680 stat
508 3642 585 3679 ex
616 3625 904 3702 Procopio
931 3625 1005 3682 de
1026 3624 1238 3704 Aedf'f·
1274 3629 1313 3689 6
1354 3629 1429 3698 63
1481 3625 1558 3682 cf.
1590 3625 1665 3682 de
1692 3623 1844 3682 hello
1881 3624 2082 3684 Vand.
2118 3628 2162 3687 2
2205 3630 2305 3689 11.

532 3710 677 3771 288.
764 3711 927 3788 Vir-g.
955 3709 1113 3767 Aen.
1153 3709 1194 3773 4
1242 3712 1361 3775 188
1404 3711 1633 3768 famam
1668 3721 1841 3768 vocat
1882 3712 2177 3767 nuntiam.
2268 3708 2562 3787 Apuleius

360 3792 437 3851 de
463 3793 567 3852 cleo
609 3795 778 3851 ὅσον.
821 3793 978 3853 dixit
1012 3797 1227 3853 efiam:
1271 3815 1415 3854 aves
1437 3795 1585 3853 αὲνα
1608 3794 1915 3854 volitando
1938 3792 2438 3853 tratwverberant.

533 3882 676 3943 318.
763 3882 929 3960 Virg.
954 3880 1112 3940 Aen.
1144 3882 1185 3945 5
1226 3878 1391 3944 462:
1437 3892 1499 3938 et
1537 3883 1765 3940 saevire
1802 3882 2024 3940 aniaeuh
2053 3878 2365 3939 Entellum
2394 3879 2569 3939 haud

353 3982 575 4038 passus
603 3965 848 4024 acerhisf.

535 4051 678 4111 320.
763 4070 823 4107 v.
863 4056 893 4114 1
943 4046 1542 4131 339——40etvirg'.
1581 4048 2066 4131 marg-1250.

532 4136 678 4195 822.
764 4135 920 4193 conf.
947 4134 1123 4195 Ovid.
1149 4136 1303 4192 Met.
1337 4139 1377 4198 3
1417 4139 1523 4202 68.

534 4219 677 4278 323.
760 4220 1131 4299 ignivomus]
1177 4218 1358 4280 huius
1397 4225 1561 4281 vocis
1594 4214 1846 4280 unicum
1874 4229 1966 4280 est
1995 4217 2348 4299 exemplum
2375 4217 2559 4277 etiam

364 4296 528 4377 apud
565 4301 971 4447 {2¹9⁶fflnum
1004 4324 1085 4366 ex
1120 4308 1416 4368 Lactantii
1451 4308 1554 4371 vel
1592 4306 1873 4370 venantii
1900 4309 2166 4368 camum
2197 4305 2271 4366 de
2297 4320 2559 4363 resurre-

358 4386 554 4444 ctione
657 4407 805 4446 mun
