3210 5200
653 403 797 474 370
1291 399 1574 467 NOTAE
1621 399 1711 465 IN
1756 396 2097 465 LIBRUM.
2124 397 2187 463 11

824 571 967 631 131.
1049 565 1246 624 Ruizii
1281 565 1611 624 lectionem.
1640 564 1705 620 in
1746 572 1920 621 textu
1944 562 2225 621 intactam
2259 562 2513 643 reliqui,
2558 560 2663 621 sed
2692 583 2823 622 eor-

650 663 882 732 ruptam
927 660 1106 730 puto:
1152 648 1298 730 quid
1331 653 1491 708 enim
1520 659 1611 707 est
1634 651 1953 706 *Armatum
1982 657 2072 706 ter
2098 649 2253 708 collo
2284 651 2433 707 novi
2456 651 2821 727 imperatoris

649 752 918 818 torquem
955 733 1348 813 imposuisse‘l
1434 737 1486 793 si
1509 731 1671 814 quid
1704 731 1926 792 audere
1960 734 2136 807 licet,
2177 735 2472 811 legerem:
2529 733 2819 813 quodfa-

646 827 833 892 ciens,
879 831 1039 877 temo
1066 821 1472 898 dextram-pro
1502 839 1744 877 munere
1769 818 2033 890 tendens,
2078 819 2218 897 quia
2249 838 2383 876 mos
2422 828 2551 877 erat
2584 830 2649 876 ut
2682 821 2817 878 novi

644 911 1031 986 imperatores
1060 915 1215 963 certa
1237 924 1623 963 nummorum
1652 923 1973 985 aureorum?
1992 923 2233 981 *summa
2265 903 2486 963 milites
2515 901 2817 977 donarent,

642 1013 796 1072 quae
827 991 900 1049 ab
933 993 1251 1049 Ammiano
1279 991 1545 1048 Marcell.
1595 989 1668 1046 ob
1713 990 2214 1065 nuncupationem
2241 989 2592 1067 Augustam
2627 987 2825 1046 debita

643 1077 883 1151 dicitur,
930 1087 987 1134 et
1019 1095 1216 1156 ,quam
1257 1078 1441 1133 trium
1480 1072 1795 1133 aureorum
1839 1074 2023 1131 fuisse
2066 1075 2281 1151 colligo
2338 1094 2416 1132 ex
2448 1075 2824 1152 imperatoris

640 1163 889 1220 Macrini
931 1164 1208 1219 concione
1248 1159 1327 1218 ad
1362 1161 1616 1234 milites,
1659 1160 1978 1239 postquam
2006 1160 2130 1216 eius
2158 1158 2348 1215 filium
2376 1157 2824 1217 Diadumenum

642 1251 697 1305 ei
734 1251 796 1304 iu
839 1248 1087 1325 imperio
1118 1257 1450 1304 consortem
1484 1247 1884 1303 acclamarunt
1912 1254 1970 1301 et
1999 1245 2375 1301 nominarunt
2407 1245 2821 1301 Antoninum:

597 1352 608 1363 ’
640 1335 724 1390 sic
774 1334 937 1389 enim
976 1334 1039 1388 in
1081 1351 1150 1390 ea
1194 1318 1492 1390 Macrinus
1539 1331 1837 1411 loquitur:
1883 1327 2086 1385 habete
2116 1329 2326 1406 igitw,
2368 1328 2821 1400 commilitone-9,

631 1438 748 1494 pro
790 1419 1034 1494 imperio
1073 1437 1284 1475 aureos
1325 1428 1465 1485 trec,
1503 1437 1622 1493 pro
1662 1413 1966 1472 Antonini
1991 1416 2219 1470 nomine
2244 1434 2453 1470 aureos
2480 1416 2718 1491 quinos,
2760 1426 2820 1470 et

637 1502 845 1575 solitas
888 1505 1311 1579 promotiones,
1367 1500 1476 1569 sed
1507 1502 1864 1579 geminatas.
1955 1497 2092 1557 vide
2133 1496 2543 1577 Lampridium
2585 1500 2649 1555 in
2693 1500 2819 1557 vita

636 1589 927 1645 ‘Antonini
952 1585 1334 1645 Diadumeni.
1421 1587 1620 1646 Foco.

808 1675 948 1735 138.
1035 1672 1254 1729 sciolus
1281 1672 1498 1749 aliquis
1523 1671 1881 1749 Augustum
1908 1671 1973 1727 in
2000 1688 2096 1727 ms
2123 1665 2575 1726 emendaverat:
2620 1677 2683 1725 at
2707 1668 2851 1727 no-'·

636 1759 728 1814 bis
758 1757 952 1832 magis
982 1766 1244 1814 veterem
1270 1756 1589 1812 lectionem
1625 1755 1927 1835 Augusti,
1969 1756 2057 1813 uti
2096 1763 2251 1828 erat,
2295 1753 2523 1831 placuit
2556 1756 2821 1812 retineri.

635 1845 819 1899 Rmz.
905 1840 969 1895 in
1012 1843 1200 1898 veteri
1240 1838 1441 1897 codice
1488 1850 1798 1899 exaratum
1836 1839 2033 1896 fuerat
2058 1838 2438 1917 Augustum.-
2481 1850 2821 1916 reposuerat

638 1924 954 2001 Assagrius
980 1922 1273 2003 Augusti.
1363 1926 1527 2002 prior
1549 1936 1753 1983 tamen
1776 1926 1953 1982 lectio
1978 1925 2213 1981 melior.
2297 1923 2675 2001 Lampridius
2703 1924 2817 1983 Se·-

639 2030 777 2069 vero
799 2027 816 2065 ε
841 2008 1182 2088 ·Augu⁸tus
1219 2010 1456 2086 primus
1490 2021 1574 2067 est
1612 2009 1794 2068 huius
1829 2010 2067 2087 imperii
2087 2018 2320 2065 auctor:
2371 2011 2438 2065 in
2459 2010 2583 2065 εἱιιε
2604 2027 2813 2072 namen

640 2098 768 2173 (sic
808 2095 958 2170 legit
994 2095 1186 2151 Faber
1230 2094 1515 2153 Semestr.
1563 2099 1596 2158 1
1647 2094 1759 2169 14,
1830 2114 1967 2151 cum
2014 2103 2189 2151 antea
2233 2114 2433 2151 omnes
2475 2091 2809 2171 legeretur)

637 2179 826 2237 veluti
867 2177 1132 2256 quadam
1171 2178 1486 2256 adoptione
1525 2181 1655 2237 iure
1689 2179 2040 2236 hereditario
2069 2178 2462 2251 succedimus-,-
2502 2176 2576 2235 de
2604 2197 2721 2258 qua
2744 2198 2808 2236 re

639 2261 874 2325 abunde
893 2306 911 2337 ‚
953 2274 1021 2322 ut
1044 2284 1217 2343 spero
1233 2308 1251 2338 ,
1293 2262 1520 2323 dictum
1543 2262 1622 2322 ad
1648 2263 1803 2323 illud
1829 2261 1903 2321 de
1931 2266 1970 2326 6
2000 2264 2226 2322 consul.
2254 2267 2410 2324 Hon.
2434 2273 2497 2319 'et
2519 2267 2583 2320 in
2606 2284 2817 2321 nomen

641 2348 936 2407 Romanis
961 2349 1137 2407 rebus
1163 2349 1480 2427 adoptans.
1558 2349 1933 2408 confirmatur
1957 2346 2107 2406 haec
2134 2349 2310 2406 lectio
2344 2350 2378 2408 1
2429 2346 2571 2411 152.
2639 2368 2816 2427 porro

640 2434 792 2493 haec
830 2435 1122 2492 solemnia
1159 2445 1296 2493 sunt
1342 2436 1797 2494 consecrationis
1842 2434 2052 2492 verba:
2128 2454 2233 2512 ego
2278 2430 2389 2489 tibi
2429 2433 2666 2512 confir-o
2697 2435 2818 2489 im-

631 2522 891 2598 perium.
1012 2515 1407 2597 respondebat
1461 2521 1813 2599 imperator:
1882 2540 1986 2598 ego
2044 2529 2099 2575 te
2148 2516 2454 2576 tribunum
2480 2520 2807 2577 *constitum

639 2609 921 2664 Damam.
2470 2627 2479 2636 ·

813 2689 953 2754 135.
1021 2689 1244 2769 filix}
1278 2696 1400 2750 iam
1462 2711 1687 2751 novum
1740 2712 1963 2751 numen
2021 2702 2146 2749 erat
2196 2691 2483 2752 nimirum
2534 2691 2813 2765 Iustinus,

575 2833 580 2837 ,
639 2785 957 2854 postquam
997 2778 1253 2852 Augusti
1296 2798 1515 2836 nomen
1556 2785 1892 2855 acceperat:
1937 2781 2138 2857 itaque
2169 2796 2378 2835 vocem
2403 2775 2672 2834 divinam
2702 2795 2812 2833 au-

640 2860 818 2916 diisse
847 2861 1076 2933 primus
1102 2859 1359 2920 creditur
1385 2865 1663 2921 Armatus
1683 2866 1818 2921 iste.
1902 2864 1986 2920 sic
2011 2863 2163 2920 libro
2188 2863 2382 2940 primo
2412 2859 2569 2919 dixit
2595 2882 2813 2920 novum

641 2961 859 2999 numen
884 2941 1154 3012 condere,
1197 2944 1358 3023 quod
1388 2958 1477 3005 est
1504 2966 1729 3003 novum
1756 2949 1951 3004 facere
1979 2949 2329 3025 principem.
2412 2949 2659 3005 Banu.

797 3024 889 3084 ib.
979 3024 1312 3107 Armatus]
1359 3031 1578 3086 tribuni
1610 3050 1748 3086 cum
1772 3044 2109 3089 crearentur
2130 3032 2389 3110 pugione
2423 3029 2807 3104 donabantur,

636 3108 923 3190 praefecti
966 3110 1166 3189 gladio
1209 3111 1286 3170 ad
1322 3123 1677 3192 potestatem
1703 3117 1767 3170 in
1796 3116 2158 3175 facinorosos
2194 3114 2701 3175 animadvertendi
2722 3117 2806 3174 si-

638 3194 1070 3273 gnificandam..
1140 3198 1332 3255 Turn.
1373 3203 1450 3262 12
1494 3201 1555 3260 6.
1642 3201 1816 3258 Mart.
1859 3201 1937 3266 14
1979 3204 2094 3263 32:
2141 3202 2391 3259 militiae
2416 3202 2595 3260 decue
2620 3202 2731 3260 hoc
2759 3212 2813 3258 et

628 3281 796 3359 grati
822 3300 1037 3337 nomen
1064 3278 1329 3352 honoris,
1377 3304 1550 3340 arma
1582 3284 1955 3344 vibunitium
1980 3287 2216 3364 cingere
2243 3286 2418 3345 docta
2444 3288 2619 3345 hm.
2710 3289 2813 3343 in·-

637 3375 924 3442 augurato
951 3367 1308 3443 imperatore
1332 3365 1401 3426 hi
1429 3367 1801 3429 donabantur
1829 3372 2030 3445 armis,
2073 3369 2281 3430 Sidon.
2314 3373 2517 3451 Apoll.
2543 3391 2722 3429 carm.
2744 3371 2809 3445 5,

635 3449 817 3528 idque
861 3469 1062 3509 coram
1107 3463 1347 3528 senatu,
1405 3457 1767 3532 evaginatis:
1825 3458 1948 3526 cui,
2009 3467 2148 3514 teste
2183 3468 2422 3529 senatu,
2462 3461 2586 3535 ipse
2633 3458 2811 3514 etiam

635 3537 906 3594 siricum}
949 3539 1318 3596 conmiserat
1370 3540 1585 3616 Ulpius
1623 3561 1836 3599 ensem.
1870 3595 1875 3600 ,
1924 3543 2138 3633 Papin.
2190 3542 2339 3604 silv.
2388 3541 2430 3605 5
2471 3548 2547 3606 2:
2599 3542 2807 3619 cuique

636 3640 804 3677 sacer
849 3623 1122 3699 primum
1163 3624 1348 3681 tradit
1399 3625 1793 3684 Germanicus
1831 3647 2042 3684 ensem.
2133 3637 2303 3686 vetus
2347 3627 2536 3706 lapis:
2592 3626 2802 3684 Publio

635 3707 863 3763 Maecio
898 3708 1183 3766 Memmio
1215 3710 1395 3768 Furio
1423 3711 1706 3770 Balburio
1741 3712 2076 3770 Caeciliano
2104 3710 2372 3771 Placido.
2460 3733 2513 3770 c.
2540 3731 2595 3770 v.
2624 3728 2809 3788 prae-.

635 3791 792 3847 fecto
824 3809 1114 3850 annonae.
1201 3794 1362 3852 urbis
1391 3815 1591 3852 sacrae
1622 3816 1758 3854 cum
1781 3799 1908 3855 iure
1935 3794 2154 3854 Gladii.
2239 3799 2515 3856 Damar-

804 3877 944 3938 137.
1030 3880 1275 3958 antiqua
1316 3890 1374 3936 et
1412 3880 1695 3958 frequens
1731 3880 2122 3955 consuetudo,
2163 3902 2357 3962 nuper
2395 3891 2654 3940 creatum
2682 3881 2805 3937 im-

635 3968 967 4036 peratorem
992 3974 1157 4022 scuto
1186 3966 1532 4043 impositum
1557 3964 1822 4026 humeris
1849 3970 2075 4047 erigere
2108 3978 2169 4025 et
2192 3970 2471 4044 elevare,.
2501 3976 2568 4024 ut
2590 3967 2806 4044 vulgus

635 4044 898 4102 militum
954 4050 1267 4126 conspicue
1322 4048 1524 4108 videre
1568 4062 1791 4129 posset.
1873 4056 2108 4112 Nicetas
2146 4051 2428 4114 Choniat.
2472 4050 2808 4114 deiAlexio

634 4131 1045 4190 Emmanuelis
1068 4131 1211 4207 filio,
1242 4136 1503 4194 Zonaras
1526 4136 1593 4192 in
1622 4140 1962 4200 iustiniano.
2012 4140 2365 4197 Ammianus
2393 4136 2660 4195 Marcell.
2685 4140 2806 4199 20:

551 4263 554 4268 .
636 4217 943 4291 impositus·
985 4216 1014 4292 (
1026 4217 1290 4277 Iulianus
1316 4240 1352 4276 a
1381 4222 1706 4282 Gallicanis
1735 4222 2065 4301 militibus)
2104 4234 2270 4281 scuto
2286 4223 2555 4300 pedestri
2578 4231 2633 4277 et
2659 4219 2806 4278 sub-

634 4296 818 4356 latius
851 4302 1136 4371 eminens,
1176 4305 1406 4380 populo
1443 4305 1650 4365 silente
1691 4310 2014 4386 Augustus
2049 4311 2448 4379 renuntiante,
2489 4304 2809 4365 iubebatur

633 4381 910 4440 diadema
930 4384 1218 4462 proferre.
1290 4391 1638 4471 exemplum
1667 4392 1827 4473 apud
1854 4389 2253 4473 Nicephorum
2280 4392 2389 4452 lib.
2415 4391 2458 4457 4
2486 4392 2807 4472 principie.
