3210 5200
932 457 1047 522 DE
1096 456 1508 524 LAUDIBUS
1557 457 1891 526 IUSTINI.
2353 458 2499 530 401

323 622 400 684 ad
420 641 705 684 nauseam
731 640 924 702 usque
952 630 1011 678 et
1035 617 1305 686 ,taedium
1329 621 1604 699 legentis.
1694 623 1778 680 sio
1806 619 2097 680 barbarae
2123 633 2180 681 et
2207 624 2499 684 immanes

319 712 588 769 nationes
616 727 788 786 reges
817 726 987 780 suos,
1034 725 1170 763 cum
1194 707 1310 764 alia
1339 708 1587 764 numina
1613 725 1734 764 non
1756 704 2072 782 haberent,
2118 706 2260 768 deos
2289 729 2497 768 cense-

318 795 489 867 bant,
535 803 601 852 ut
652 791 728 851 de
772 793 1006 850 Hunnis
1043 790 1241 849 scribit
1272 793 1507 849 Priscus
1541 788 1766 849 Rhetor
1793 793 1859 849 in
1893 793 2349 869 Legationibus,
2394 806 2497 853 aut

321 877 419 937 dei
477 879 665 952 filios,
730 887 796 935 ut
851 875 927 934 de
983 876 1379 934 Taunestanis
1436 873 1931 955 Theophylactus
1984 877 2311 936 Simocatta
2349 885 2388 944 7
2432 882 2495 941 9.

319 966 568 1023 ΒΑΜ-ιι.

486 1050 672 1107 Luuu
698 1048 734 1107 3
771 1065 832 1104 v.
866 1047 921 1106 1.
1004 1042 1292 1122 Augusti.
1385 1045 1472 1102 sic
1511 1044 1713 1101 curavi
1757 1040 2211 1119 excudendum,
2258 1065 2394 1103 cum
2429 1049 2494 1105 in

322 1132 596 1191 omnibus
643 1128 927 1188 hactenus
977 1127 1280 1206 impressis
1323 1124 1641 1203 haberetur
1675 1126 2001 1206 Augustus
2014 1171 2039 1198 ,
2082 1131 2308 1188 malet.
2352 1150 2494 1188 nam

322 1217 531 1294 virgil.
559 1219 710 1274 Aen.
738 1220 816 1278 7:
872 1224 1133 1290 augusta
1175 1213 1263 1269 ad
1297 1215 1528 1270 moenia
1568 1214 1752 1292 regie,
1797 1222 1855 1270 et
1901 1224 2120 1271 tectum
2165 1227 2495 1293 augustum

321 1301 550 1380 ingens.
640 1300 879 1358 Servius
919 1295 1090 1355 docet
1127 1296 1480 1376 Augustum
1515 1296 1713 1354 locum
1746 1318 1864 1354 esse
1894 1301 2152 1377 augurio
2185 1320 2495 1358 consecra-

321 1395 478 1454 acm,
516 1387 582 1441 in
610 1403 724 1461 quo
744 1392 981 1459 poterat
1008 1380 1217 1440 haberi
1240 1392 1498 1439 senatu-3.
1589 1383 1757 1442 Suet.
1785 1384 1943 1460 Aug.
1974 1385 2035 1444 7.
2118 1395 2289 1444 vetus
2315 1392 2493 1464 poeta

323 1468 482 1548 apud
509 1470 819 1541 Tacitum,
865 1476 930 1524 ut
961 1476 1135 1545 puto,
1181 1464 1255 1523 de
1294 1468 1573 1526 German.
1602 1466 1903 1525 moribus:
1949 1470 2224 1545 auguriis
2244 1481 2495 1547 patrum

321 1564 376 1610 et
388 1552 939 1631 prisc-ajormidine
963 1571 1222 1609 eaerum.
1313 1551 1423 1610 Sil.
1449 1550 1582 1608 Ital.
1621 1554 1687 1614 1:
1733 1551 2050 1609 concilium
2082 1565 2256 1610 vocat
2288 1575 2492 1633 augu-
2553 1568 2560 1575 '

321 1648 481 1696 etum
510 1647 788 1715 castaque
814 1635 1011 1693 beatos
1026 1646 1387 1714 paupertate
1401 1645 1625 1712 patres.
1718 1633 1848 1692 dixi
1892 1635 1968 1693 ad
2015 1638 2241 1696 consul.
2269 1642 2307 1703 6
2334 1642 2491 1698 Hon.

324 1720 631 1781 Claudian.
659 1720 890 1779 collecti
912 1719 1210 1779 trabeam-s·
1230 1720 1364 1778 adit
1387 1718 1640 1777 delubra
1675 1731 1934 1778 senatus.
1983 1721 2265 1782 Dnu’sr.
2346 1724 2495 1781 Au-

316 1808 565 1886 gustus]
607 1806 819 1863 melior
858 1825 1036 1864 sonus
1074 1804 1371 1884 Augusti,
1413 1802 1524 1863 sed
1559 1802 1776 1862 talibus
1821 1802 1888 1861 id
1926 1823 2141 1863 aevum
2175 1808 2494 1884 ignoscen-

324 1891 489 1950 dum.
571 1890 954 1949 memorabile
994 1900 1193 1947 autem
1238 1899 1299 1951 et.
1334 1907 1638 1948 summum
1679 1889 1972 1965 elogium,
2017 1887 2179 1968 quod
2217 1889 2358 1949 huie
2388 1896 2494 1950 Iu-

321 1978 477 2035 stino
527 1973 692 2033 dedit
734 1976 1077 2054 posteritas,
1143 1967 1521 2036 δικαιότατον
1558 1974 1737 2030 illum
1776 1974 1939 2031 velut
1982 1975 2488 2052 cognominand03

321 2058 482 2142 quod
514 2080 736 2118 nomen
772 2079 892 2118 non
927 2057 1166 2124 aliunde
1205 2077 1388 2137 quam
1435 2057 1509 2115 ab
1546 2058 1623 2115 iis
1669 2059 1852 2138 gestis
1896 2061 2190 2136 accepisse
2236 2059 2488 2137 videtur,

321 2146 534 2226 quibus
573 2143 900 2214 secundum
941 2144 1160 2201 librum
1192 2145 1404 2201 clausit
1433 2142 1758 2219 corippus,
1805 2141 1966 2220 quod
1994 2145 2280 2202 nimirum
2306 2149 2488 2206 Iusti-

317 2232 482 2288 niani
529 2231 805 2288 avunculi
847 2228 1047 2285 debita
1098 2228 1304 2301 solvit,
1359 2228 1717 2284 immensam
1758 2229 1886 2284 auri
1932 2229 2056 2285 vim
2095 2227 2486 2306 impendens3

321 2312 485 2394 quod
528 2332 669 2371 sane
709 2331 831 2371 non
872 2311 1067 2392 quivis
1110 2312 1430 2388 imperator
1462 2311 1731 2385 fecisset,
1777 2330 1913 2369 oum
1940 2313 2133 2392 potior
2154 2312 2281 2372 fisci
2312 2334 2488 2374 causa

319 2401 450 2457 visa
492 2397 719 2456 fuisset.
804 2398 890 2454 sio
929 2413 1071 2453 vero
1113 2393 1187 2452 de
1231 2415 1301 2453 eo
1342 2393 1604 2453 Codinus
1627 2397 1693 2452 in
1720 2397 2139 2462 commentario
2172 2400 2485 2479 παρεκβολ.

319 2504 493 2563 nato.
526 2484 864 2543 Κωνσταντ.
882 2501 900 2536 -·
944 2473 1088 2558 ueto?
1125 2475 1189 2541 δὲ
1216 2475 1321 2544 τᾶν
1348 2473 1621 2541 θάνατον
1649 2472 2072 2545 Ἰουστινιανοῦ
2097 2479 2418 2585 ἰκράτῃσεν
2451 2480 2490 2548 ὅ

320 2561 578 2645 ἀνεψιός
620 2559 813 2630 αὐτοῦ
851 2558 1163 2637 Ἰουστῖνος
1200 2562 1240 2628 ὅ
1281 2558 1405 2628 α’πὸ
1444 2559 1945 2646 κουροπαλᾶτων,
2016 2564 2056 2630 ὅ
2101 2565 2487 2643 δικαιοτατος.

314 2657 566 2712 ΒΑΜ-ιι.
594 2704 595 2713 ,

487 2741 551 2801 8.
629 2747 814 2815 grata
849 2735 1217 2816 reposuimus
1251 2754 1359 2814 pro
1393 2747 1555 2806 rata,
1596 2733 1759 2817 quod
1787 2737 1850 2795 in
1885 2756 1978 2796 ms
2008 2735 2208 2796 codice
2240 2738 2486 2816 legeba-

317 2833 434 2882 tur.
518 2824 705 2881 Rmz.
2001 2846 2010 2853 ·

484 2909 545 2971 6.
630 2907 842 2965 lacuna
864 2902 965 2963 hio
990 2913 1133 2963 erat.
1177 2905 1449 2984 supplevi
1466 2924 1717 2982 pompa.
1764 2904 1959 2964 Tacit.
1986 2907 2204 2965 Annal-
2232 2909 2305 2969 3:
2330 2907 2485 2986 sue-

313 3001 462 3051 runt
492 2993 602 3070 qui
619 2989 854 3070 publici
858 2990 1104 3069 funeris
1117 3009 1410 3066 pompam
1432 2992 1811 3068 requirerent.
1899 3000 1961 3049 at
1984 2993 2262 3050 correctio
2290 3002 2380 3051 est
2404 3012 2484 3051 ex

316 3074 631 3137 ClaudIani
662 3073 904 3156 epithal.
936 3077 1092 3133 Hon.
1126 3083 1186 3132 et
1214 3076 1474 3133 Mariae:
1530 3075 1852 3154 ante-sores
1879 3077 2004 3133 iam
2021 3096 2252 3154 pompa
2282 3087 2483 3147 sonat,

311 3163 659 3242 pilentaque
679 3181 916 3219 sacram
930 3158 1325 3237 praeradiant
1344 3159 1601 3216 ductura
1629 3181 1869 3218 nurum.
1917 3162 2198 3220 Dmu’sr.
2255 3181 2486 3237 pompa

302 3248 474 3327 suit]
514 3249 601 3305 ita
648 3245 856 3304 dextre
896 3244 1160 3323 explevit
1195 3243 1471 3303 lacunam
1496 3241 1768 3303 Thomas
1798 3247 2182 3322 Dempsterus
2201 3287 2219 3320 ,
2264 3254 2324 3304 et
2347 3255 2485 3304 ante

321 3350 462 3388 eum
500 3333 925 3390 coniectaverat
966 3330 1131 3388 Elias
1168 3324 1503 3385 Putschius.
1545 3328 1792 3387 Bia-m.
1880 3327 2234 3408 wbafiiit]
2271 3333 2357 3391 sio
2385 3351 2486 3389 re·-

320 3416 520 3488 stitui,
563 3435 699 3473 oum
745 3424 918 3472 antea
956 3411 1099 3471 hino
1142 3412 1372 3470 abesset
1415 3407 1613 3467 turba.
1661 3414 1846 3470 Rrrr.
1931 3412 2324 3472 Rittershusio
2371 3412 2485 3471 ad-

321 3501 544 3558 sentior
564 3501 860 3578 supplenti
888 3497 1089 3567 turba,
1131 3494 1240 3555 sed
1265 3497 1507 3555 restituo
1535 3495 1680 3552 ruit.
1770 3497 1856 3553 sio
1878 3497 2126 3555 inferius
2155 3495 2195 3558 4
2236 3497 2338 3558 14.
2425 3509 2485 3558 et

319 3581 435 3642 hac
485 3602 629 3642 voce
680 3583 756 3642 ad
817 3580 1268 3661 significandum
1314 3576 1713 3639 multitudinis
1750 3579 2085 3639 festinantis
2135 3600 2485 3643 concursum

318 3688 497 3748 saepe
525 3669 707 3726 utitur
732 3668 1055 3746 Virgilius,¹
1086 3670 1236 3725 Aen.
1265 3668 1307 3729 2
1350 3664 1433 3730 64
1477 3673 1535 3722 et
1563 3666 1777 3742 Georg.
1807 3663 1848 3727 4
1892 3664 2036 3729 185.
2121 3663 2484 3733 Claudianus

320 3751 394 3811 de
417 3752 458 3816 4
481 3754 706 3812 oonsul.
734 3755 980 3811 Honorii
1022 3772 1080 3811 v.
1111 3756 1268 3816 623:
1321 3752 1460 3808 ausi
1497 3748 1858 3808 Danubium
1899 3748 2199 3828 quondam
2242 3761 2484 3812 tranare

329 3838 643 3897 Gothzmni
686 3840 753 3896 in
796 3837 1000 3895 lintres
1021 3837 1265 3916 fregere
1299 3855 1533 3905 nemu-3,
1575 3855 1714 3892 eum
1744 3834 1910 3892 mille
1937 3833 2192 3894 ruebant
2206 3856 2323 3915 per
2338 3839 2482 3916 flu-

318 3925 486 3981 vium
500 3922 720 3999 plenae
745 3924 945 3981 cuneis
972 3920 1329 3980 immanibus
1357 3920 1508 3978 alni.
1596 3922 1792 3979 Fooo.

484 4012 573 4072 7.v
632 4007 862 4086 longi-s]
904 4007 1020 4087 hoo
1051 4027 1129 4064 ex
1158 4006 1365 4083 virgil.
1394 4009 1547 4064 Aen.
1580 4009 1655 4069 2:
1687 4002 2020 4084 porticibus
2059 4003 2254 4085 longis·
2272 4007 2472 4085 sugit.

316 4091 600 4155 num.
684 4087 897 4149 horum
953 4092 1115 4150 enim
1155 4091 1414 4169 pretium
1447 4092 1513 4147 in
1544 4087 1936 4168 longitudine.
2022 4091 2304 4169 Virgilius
2352 4094 2477 4149 Ae-

315 4172 494 4233 neide
525 4178 585 4237 2.
670 4174 913 4234 Plautus
945 4176 1327 4236 Mostellaria.
1408 4176 1655 4234 Bura.
2316 4228 2327 4240 ,

490 4262 590 4322 10.
676 4260 853 4338 ceris]
909 4263 1092 4320 cereis
1140 4260 1519 4338 imaginibus.
1616 4258 1774 4317 Plin.
1811 4256 1893 4320 35
1948 4261 2026 4322 2:
2087 4257 2263 4314 aliter
2309 4255 2485 4331 apud

317 4345 567 4401 maiores
605 4343 671 4399 in
706 4346 879 4402 atriis
917 4356 1103 4404 erant.
1193 4346 1446 4424 expressi
1484 4363 1622 4403 cera
1662 4342 1867 4402 vultus
1901 4341 2160 4422 cing-ulie
2205 4342 2481 4417 dispone-

319 4426 539 4486 bantur
558 4429 865 4501 armar-ish,
906 4440 975 4489 ut
994 4442 1177 4506 eugen:
1194 4427 1509 4511 hringum,
1554 4449 1709 4510 quae
1732 4428 2151 4488 comitarentur
2166 4423 2481 4505 gma‘lioia
