3210 5200
1230 421 1713 489 PRAEFATIO.
2446 441 2563 490 mu

384 588 695 665 heuditur,
741 586 986 668 qualem
1023 604 1089 645 se
1132 587 1261 667 ipse
1314 590 1494 647 etiam
1535 590 1759 648 fatetur
1786 585 1850 644 in
1880 584 2125 664 epistola
2159 589 2389 667 opellae
2419 610 2563 650 suae

383 696 744 773 praemissa,
811 693 876 748 in
926 709 1043 770 qua
1084 692 1329 749 ulterius
1374 690 1595 749 adserit
1622 691 2073 769 praecipitanter
2100 709 2232 745 eam
2255 695 2560 771 exegisse:

387 806 488 853 aut
515 798 567 853 si
596 794 819 866 mavis,
863 812 1151 869 reponam
1179 803 1320 849 tunc
1344 795 1629 871 temporis
1661 792 1845 849 fuisse
1871 792 2044 848 illum
2072 790 2366 849 Cresconii
2394 794 2561 852 codi-

383 917 521 955 cem
559 897 634 954 ob
672 904 1031 953 vetustatem
1072 904 1411 973 corruptum
1452 905 1510 951 et
1547 912 1848 950 mancum.
1936 895 2168 950 utinam
2206 915 2349 952 vero
2388 899 2567 955 etiam

385 1019 547 1058 nunc
570 1008 899 1078 superesset
918 1040 935 1070 ‚
982 1005 1082 1053 aut
1114 1015 1230 1075 quo
1262 1006 1590 1075 asportatus
1616 997 1795 1053 fuerit
1819 993 2240 1054 innotesceret!
2328 1017 2568 1059 omnem

386 1102 650 1180 profecto
689 1098 1095 1157 adhibuissem
1140 1118 1341 1173 curam
1379 1118 1458 1155 ne
1496 1098 1754 1176 amplius
1790 1094 2253 1155 desideraretur:
2297 1109 2359 1156 at
2388 1098 2570 1159 modo

384 1204 551 1260 nulla
588 1203 675 1258 ibi
714 1211 893 1259 restat
930 1201 1275 1260 membrana
1312 1219 1463 1279 quae
1501 1201 1803 1258 cresconii
1842 1219 2060 1258 nomen
2109 1218 2253 1278 prae
2292 1220 2356 1258 se
2393 1202 2567 1278 ferat,

385 1305 552 1361 nulla
579 1305 641 1361 in
668 1322 789 1382 qua
816 1304 890 1361 de
914 1302 1084 1360 bellis
1105 1301 1351 1379 Libycis
1378 1313 1604 1379 agatur,
1652 1313 1720 1360 ut
1749 1322 1784 1360 a
1816 1299 1987 1360 docto
2013 1303 2138 1358 viro
2159 1303 2320 1359 illius
2346 1303 2567 1361 biblio-

385 1406 590 1465 thecae
628 1416 892 1463 curatore
935 1406 1125 1462 factus
1173 1423 1307 1462 sum
1347 1406 1588 1477 certior3
1635 1407 1738 1482 qui
1767 1424 1866 1460 me
1895 1406 2074 1460 etiam
2105 1405 2337 1460 monuit
2357 1406 2566 1482 Ange-

383 1512 510 1567 lum
541 1507 617 1566 de
641 1512 835 1581 Nuce,
884 1504 1161 1565 Chronici
1195 1506 1531 1564 Casinensis
1564 1504 1852 1562 editorem
1890 1504 2443 1582 diligentissimum,
2488 1504 2567 1563 ad

380 1614 604 1670 seriem
643 1611 965 1683 librorum,
1008 1628 1160 1688 quos
1204 1605 1545 1665 Desiderius
1590 1606 1844 1665 describi
1891 1617 2222 1680 curaverat,
2265 1608 2394 1664 iure
2428 1628 2562 1664 me-

382 1715 497 1771 rito
536 1711 694 1769 hanc
734 1721 935 1768 notam
970 1713 1347 1789 apposuisse:
1390 1731 1590 1768 eorum
1617 1708 1880 1787 plurimi
1916 1717 2233 1785 supersunt
2245 1750 2270 1777 ,
2313 1729 2435 1766 non
2463 1720 2561 1767 ta-

380 1829 521 1871 men
550 1830 748 1872 omnes
756 1854 784 1883 ,
827 1812 1086 1889 expilata
1113 1832 1233 1869 non
1260 1813 1442 1871 semel
1463 1824 1666 1871 nostra
1695 1809 2068 1868 bibliotheca.

543 1918 714 1974 Alter
746 1913 990 1974 demum
1015 1917 1298 1994 poematii
1330 1915 1402 1973 de
1430 1914 1602 1973 bellis
1629 1913 1876 1992 Libycis
1907 1934 1942 1970 a
1971 1914 2063 1969 Fl.
2094 1912 2403 1970 cresconio
2435 1913 2554 1971 Co-

376 2020 548 2097 rippo
577 2019 781 2096 scripti
808 2019 977 2076 testis
1002 2028 1091 2075 est
1120 2027 1322 2075 auctor
1354 2037 1708 2097 anonymus,
1753 2018 1853 2096 qui
1887 2016 2340 2073 cresconianam
2368 2017 2555 2074 colle-

377 2122 635 2177 ctIonem
663 2130 934 2177 veterum
963 2120 1269 2178 Canonum
1301 2122 1534 2200 aliaque
1566 2140 1646 2178 ss.
1673 2128 1910 2198 patrum
1941 2117 2223 2196 opuscula
2249 2114 2557 2196 descripsit

374 2222 438 2278 in
467 2223 926 2280 membranaceo
953 2241 1048 2279 ms
1078 2220 1277 2280 codice
1305 2243 1459 2281 saec.
1491 2227 1569 2285 10
1587 2267 1602 2296 ,
1643 2225 1867 2280 Romae
1890 2224 1955 2278 in
1979 2218 2339 2279 bibliotheca
2366 2222 2558 2280 Valli-

294 2302 299 2306 ⁴
376 2324 605 2381 cellana
648 2321 962 2381 adservato
1003 2333 1063 2380 et
1103 2338 1264 2380 nunc
1301 2334 1503 2382 notato
1541 2334 1588 2381 t.
1628 2327 1736 2397 18,
1783 2325 1885 2402 qui
1919 2333 2130 2379 texens
2163 2339 2223 2396 p.
2254 2323 2376 2382 136
2406 2339 2560 2398 opu-

378 2424 679 2481 sculorum
704 2425 974 2483 omnium
1001 2445 1035 2481 a
1062 2440 1126 2482 se
1156 2422 1581 2503 descriptorum
1603 2423 1865 2481 indicem
1887 2423 1996 2481 sub
2022 2420 2137 2478 hoc
2163 2420 2371 2477 titulo:
2414 2420 2563 2478 haec

376 2536 523 2582 eunt
563 2546 713 2604 quae
750 2529 814 2583 in
855 2527 1056 2585 codice
1087 2526 1382 2585 habentur
1391 2569 1418 2597 ‚
1460 2530 1544 2584 ita
1584 2528 1825 2605 incipit:
1881 2521 2211 2583 Concordia
2252 2522 2564 2582 Canonum

376 2648 423 2686 a
482 2628 785 2685 Cresconio
825 2631 1131 2708 Africano
1187 2631 1453 2707 episcopo
1509 2629 1743 2706 digesta
1789 2625 1901 2684 sub
1944 2625 2228 2703 capitulis
2268 2629 2558 2684 trecentis.

373 2732 490 2788 iste
524 2732 803 2788 niaem'rwn
852 2733 1197 2791 Cresconius
1238 2730 1397 2789 bella
1440 2741 1505 2787 et
1541 2730 1820 2790 victorias
1833 2771 1861 2800 ‚
1916 2748 2070 2807 quas
2101 2726 2401 2786 Iohannes
2429 2731 2563 2787 Pa-

375 2833 587 2889 tricius
628 2833 801 2909 apud
830 2835 1121 2913 Africam
1163 2833 1237 2892 de
1289 2833 1609 2891 Saracenis
1642 2833 1868 2911 gessit,
1909 2831 2263 2888 hexametris
2298 2830 2564 2888 versibus

370 2935 683 3011 descripsit
726 2934 837 2991 sub
884 2935 1074 2994 libris.
1180 2933 1338 2993 hanc
1380 2947 1585 2994 notam
1624 2936 1768 2993 iuris
1817 2934 2041 3011 publici
2086 2934 2228 2990 fecit
2272 2936 2563 2993 Baronius

374 3038 482 3116 (a.
516 3039 640 3100 527
665 3057 832 3094 num.
866 3037 990 3116 76)
1034 3048 1093 3095 et
1138 3039 1355 3095 iterum
1400 3057 1478 3095 ex
1514 3040 1644 3115 ipso
1678 3035 1878 3094 codice
1909 3034 2216 3113 descripsit
2243 3055 2311 3093 ac
2334 3034 2565 3094 recudit

368 3139 761 3196 mabillonius
796 3138 921 3216 (It.
959 3140 1161 3198 Italic.
1188 3161 1257 3218 p.
1289 3140 1446 3219 69)3
1489 3142 1572 3197 ita
1598 3150 1666 3197 ut
1693 3140 1870 3218 plane
1899 3139 2120 3195 mirum
2152 3140 2229 3197 sit
2261 3138 2559 3217 quomodo

375 3239 684 3298 Chifletius
733 3237 838 3318 (in
872 3241 1083 3319 Praes.
1132 3241 1289 3318 opp.
1329 3239 1663 3320 Fet-randi)
1708 3252 1767 3299 et
1810 3242 2155 3299 Coutantius
2198 3238 2300 3316 (in
2340 3241 2553 3318 Praes.

373 3343 468 3401 ad
501 3341 778 3419 epistolas
820 3343 1236 3402 Romanorum
1271 3343 1641 3418 Pontificum
1669 3363 1815 3420 par.
1854 3350 1893 3408 2
1936 3339 1971 3422 §
2002 3340 2086 3421 7)
2131 3339 2401 3399 adserere
2434 3361 2557 3400 non

375 3444 777 3503 dubitaverint
821 3447 1146 3503 Baronium
1192 3448 1491 3504 invenisse
1542 3445 1713 3502 illam
1749 3448 1812 3502 in
1849 3465 1943 3502 ms
1989 3442 2120 3502 cod.
2162 3445 2350 3503 Vatic.
2391 3446 2555 3523 operi

376 3546 772 3603 cresconiano
812 3546 1177 3624 praefixam,
1223 3568 1359 3605 cum
1402 3550 1706 3626 signanter
1738 3548 1843 3604 ille
1883 3547 2173 3604 notaverit
2204 3544 2334 3604 cod.
2364 3548 2555 3605 Valli-

375 3648 675 3706 cellanum
719 3657 779 3704 et
811 3646 1237 3706 intermedium
1281 3649 1410 3722 eius
1451 3649 1697 3721 folium,
1751 3647 1912 3706 unde
1968 3668 2102 3705 eam
2145 3644 2553 3724 descripserat.

371 3752 663 3830 quoniam
697 3768 839 3807 vero
880 3749 1069 3807 iidem
1111 3748 1268 3809 docti
1305 3751 1418 3807 viri
1456 3751 1593 3828 plus
1633 3769 1822 3831 aequo
1863 3748 2118 3808 eandem
2141 3758 2347 3805 notam
2375 3753 2556 3808 aesti-

370 3860 607 3908 mantes
644 3849 1138 3910 confidentissime
1168 3863 1451 3910 vocarunt
1474 3853 1647 3910 illam
1672 3855 1734 3910 in
1762 3854 2169 3911 testimonium
2199 3854 2405 3910 aetatis
2436 3872 2555 3933 qua

373 3953 725 4010 Cresconius
770 3952 1045 4010 collector
1087 3955 1398 4013 Canonum
1433 3955 1659 4030 floruit,
1715 3957 1881 4012 iuvat
1918 3956 2151 4032 singuJa
2193 3975 2346 4034 quae
2382 3957 2445 4012 in
2486 3975 2557 4014 ea

372 4051 686 4111 adnotator
718 4052 993 4111 adfirmat
1027 4055 1219 4113 obiter
1249 4054 1624 4134 expendere:
1665 4075 1863 4137 neque
1888 4060 2052 4115 enim
2087 4057 2214 4114 fore
2237 4059 2558 4116 molestum

374 4154 652 4231 arbitror,
699 4166 767 4213 ut
806 4165 976 4233 capta
1011 4158 1314 4215 occasione
1338 4157 1566 4238 aliquid
1590 4160 1922 4217 ministrem
1945 4158 2024 4217 ad
2048 4159 2428 4220 illustrandos
2457 4160 2551 4218 ΕΙ.

371 4255 671 4314 Cresconii
701 4257 943 4335 corippi
982 4258 1167 4318 libros
1200 4259 1277 4318 de
1311 4257 1482 4319 bellis
1516 4258 1801 4342 Libycis,
1840 4261 2153 4346 siquando
2181 4262 2457 4322 obveniat
2485 4269 2556 4320 ut
2637 4237 2645 4248 ⁸

357 4359 431 4416 in
460 4360 730 4438 apricum
751 4359 1147 4439 proferantur.
