3210 5200
1015 385 1548 460 IOHANNIDOS
1598 393 1758 462 LIB.
1806 396 1927 465 lv.

538 546 782 627 agmina
808 560 1019 611 cuncta
1046 563 1332 616 tremunt.
1416 556 1649 618 invadit
1680 571 1916 641 pectora
1947 549 2140 642 gentis

535 651 815 710 insolitus
842 655 1059 712 virtute
1084 676 1288 734 pavor.
1373 663 1668 720 mirantur
1693 675 1752 722 et
1775 662 2019 724 horrent

365 752 494 816 800
535 750 951 833 effugiumque
978 757 1193 817 virum.
1279 762 1367 818 sic
1396 774 1801 823 contremuere
1829 776 2139 827 tonantem

538 854 793 912 fulmine
823 853 1070 935 deiecti,
1116 861 1303 919 fractu
1333 867 1595 937 cervice,
1641 869 1950 945 gigante83

468 1016 477 1026 ,
537 957 623 1015 sic
648 958 910 1015 Troiana
938 979 1153 1020 manus
1179 962 1397 1022 fortem
1422 966 1690 1044 fugiebat
1713 965 2032 1027 Achillem.

617 1060 843 1117 Bruten
868 1071 936 1118 ut
963 1065 1245 1141 expulsas
1279 1070 1504 1147 campis
1523 1071 1648 1127 iam
1671 1080 1901 1128 vertere
1924 1082 2133 1149 gentes

534 1170 700 1238 terga
729 1161 875 1239 fuga
903 1163 1329 1246 insolitmnque
1358 1187 1498 1228 suos
1528 1173 1768 1230 auxisse
1792 1174 2071 1231 timorem

360 1259 491 1324 805
533 1260 715 1337 vidit,
760 1273 818 1320 et
842 1268 1061 1325 eversis
1086 1269 1243 1326 acies
1268 1270 1653 1330 succumbere
1680 1275 1888 1351 siguis,

533 1372 840 1443 castraque
872 1376 999 1424 tuta
1024 1379 1192 1427 metu
1220 1372 1460 1430 Mauros
1488 1374 1708 1432 intrare
1733 1377 1998 1453 fugaces,

532 1464 745 1522 ultima
772 1467 896 1525 fata
921 1488 1093 1528 suam
1120 1470 1368 1532 credens
1396 1474 1751 1534 concludere
1774 1479 1963 1535 vitam

531 1577 767 1644 evocat,
812 1580 1194 1652 errantesque
1224 1575 1469 1653 instigat
1497 1596 1641 1636 voce
1669 1576 1961 1655 cohortes,

531 1668 749 1728 talibus
781 1682 842 1730 et
869 1671 1041 1732 dictis
1066 1674 1306 1735 timidos
1337 1676 1415 1735 ad
1437 1679 1598 1736 bella
1629 1678 1878 1738 reducit.

359 1770 490 1833 810
523 1761 600 1828 “o
629 1772 969 1832 miseranda
993 1794 1208 1836 manus
1224 1821 1241 1852 ,
1282 1798 1593 1860 nunquam
1627 1801 1780 1862 quae
1806 1785 1961 1841 victa
1990 1790 2252 1868 recessit,

529 1870 688 1930 unde
717 1885 913 1933 metus
938 1876 1204 1955 gelidas,
1247 1891 1349 1938 aut
1377 1900 1496 1962 qua
1525 1885 1771 1960 virtute,
1817 1896 2083 1946 catervas

529 1992 665 2032 acer
695 1975 859 2053 ugit?
944 1982 1338 2061 quisquamne
1371 1983 1517 2061 fuga
1548 1983 1890 2045 defenditur
1917 1987 2081 2047 ista?

526 2086 629 2134 aut
664 2080 869 2138 castris
897 2099 1140 2142 securus
1167 2073 1314 2159 eris,
1360 2104 1514 2166 quae
1544 2089 1735 2146 Marte
1760 2089 2051 2167 superbus

528 2190 800 2260 rapturus
829 2182 954 2240 iam
982 2185 1173 2243 victor
1201 2185 1412 2247 adest?
1499 2208 1618 2270 qun
1645 2192 1850 2248 territa
1878 2211 2101 2270 pugna,

350 2281 480 2348 815
521 2285 913 2360 Languentan
948 2305 1095 2364 gens
1129 2285 1307 2364 dura,
1350 2289 1553 2368 fugis?
1641 2310 1760 2371 quo
1792 2295 1983 2351 victus
2011 2295 2084 2352 ab
2114 2292 2309 2379 hoste,

523 2386 748 2443 Austur
772 2405 926 2467 equo
951 2387 1174 2466 fidens,
1224 2401 1387 2449 tanta
1423 2390 1744 2451 formidine
1774 2392 2002 2453 curris?

527 2507 646 2546 non
682 2486 899 2566 pudet,
941 2487 1064 2549 heu
1096 2494 1301 2551 miseri
1312 2490 1334 2552 -2
1380 2496 1607 2572 campis
1635 2496 1881 2555 cessisse
1911 2497 2173 2559 relictis?

526 2611 563 2650 o
592 2590 809 2667 virtus,
854 2612 890 2650 o
917 2590 1096 2651 corda
1124 2593 1351 2657 virum!
1395 2596 1669 2657 nudosne
1697 2599 1914 2656 reverti

527 2691 1126 2775 desertosque‘libet?
1214 2697 1439 2759 calidas
1468 2702 1554 2760 sic
1581 2720 1821 2759 cernere
1848 2701 2054 2781 Syrtes

346 2802 481 2867 820
520 2792 782 2857 vaditis?
868 2817 904 2855 o
927 2798 1180 2877 fugitive
1205 2821 1452 2878 manus,
1497 2805 1595 2861 vel
1620 2806 1815 2883 prisca
1835 2814 2142 2865 memento
2171 2804 2176 2810 ’

518 2900 682 2958 bella
711 2918 925 2958 senum
957 2921 1305 2985 pugnasque
1334 2916 1529 2965 truces
1554 2917 1615 2964 et
1639 2906 1842 2964 nobile
1865 2906 2065 2966 robur.

516 3003 840 3081 imperium
863 3004 1058 3061 vicere
1088 3015 1321 3083 patres:
1361 3027 1483 3065 non
1508 3010 1747 3067 vincere
1775 3019 2008 3068 nostros

515 3104 919 3165 Maximianus
948 3122 1124 3181 avos,
1166 3109 1424 3167 Romani
1452 3111 1628 3169 fortia
1656 3112 1828 3189 regni

520 3217 748 3287 sceptra
776 3216 1017 3282 tenens,
1059 3210 1274 3286 potuit.
1359 3210 1556 3268 turbet
1580 3231 1742 3270 nunc
1765 3215 2007 3291 agmina
2033 3213 2288 3292 perdens

343 3311 476 3379 825
516 3310 805 3369 militibus
838 3311 1078 3389 quantis
1107 3320 1211 3368 aut
1234 3329 1356 3390 que
1389 3330 1527 3369 cum
1553 3314 1729 3391 plebe
1758 3312 2076 3391 Iohannes,

519 3410 829 3489 respicite3
881 3422 941 3470 et
967 3411 1213 3470 tandem
1238 3414 1453 3472 vestris
1483 3417 1804 3473 succurrite
1831 3411 2053 3476 natis.”

601 3514 857 3574 Talibus
885 3516 1107 3573 exarsit
1136 3510 1308 3572 dictis
1337 3518 1637 3575 Maurusia
1660 3518 1870 3591 virtus,

518 3627 696 3696 atque
729 3616 885 3674 acies
921 3635 1204 3674 conversa
1232 3614 1416 3693 redit,
1460 3637 1844 3699 pugnamque
1875 3620 2120 3679 resumit

516 3720 738 3793 acrior,
785 3728 845 3777 et
874 3716 1073 3776 densis
1101 3720 1408 3779 conturbat
1434 3722 1640 3779 nubila
1668 3722 1826 3778 telis.

338 3823 473 3887 830
510 3820 745 3878 turbine
773 3821 927 3878 victa
957 3820 1100 3878 ratis
1129 3840 1302 3880 cursu
1331 3841 1443 3879 ceu
1471 3841 1651 3901 saepe
1683 3841 1924 3882 recussa

512 3922 703 3980 fertur
727 3923 792 3980 in
819 3941 1171 4004 aequoreas,
1214 3925 1433 3982 Auster
1460 3943 1589 4003 quo
1611 3922 1842 4004 dirigit,
1885 3921 2074 3983 undas
2093 3942 2113 3983 z

514 4021 660 4081 dum
689 4026 940 4084 miseros
971 4026 1210 4084 turbant
1240 4026 1472 4084 infensa
1503 4028 1767 4106 pericula
1797 4037 2032 4104 nautas,

512 4126 726 4185 obvius
758 4137 960 4207 optato
983 4129 1185 4187 veniat
1208 4131 1261 4188 si
1288 4128 1527 4187 fiamine
1556 4140 1789 4207 ventus,

328 4341 444 4396 804
478 4340 683 4397 suxisse
702 4344 751 4396 L
955 4345 1061 4398 813
1091 4360 1240 4414 quem
1267 4344 1342 4411 T,
1378 4360 1531 4415 quum
1554 4342 1621 4398 M
1818 4343 1922 4403 832
1950 4345 2139 4404 infessa
2170 4345 2229 4400 Τ.

436 4438 642 4493 Meu-ob.
683 4445 736 4496 et
779 4438 899 4493 Cor.
2049 4440 2124 4497 11

2465 405 2566 477 95
