3210 5200
1011 423 1541 495 IOHANNIDOS
1591 430 1754 499 LIB.
1803 431 1886 498 11.

511 591 650 671 igne
683 589 928 666 volans,
973 587 1139 650 sidus
1166 593 1375 653 labens
1403 595 1467 652 in
1498 608 1675 654 nocte
1705 609 1912 677 putata
1944 610 2055 660 est.

340 694 468 762 430
509 697 784 776 quisquis
818 693 893 751 ab
929 697 1153 753 aversis
1182 692 1334 753 vidit
1360 701 1615 756 tentoria
1647 704 1875 780 campis

510 799 715 870 istius,
760 798 1099 872 intremuit,
1146 801 1469 857 crescentia
1500 800 1696 859 sidera
1730 800 1978 862 credens

511 900 750 958 insolite
777 919 910 958 esse
935 900 1114 978 polis.
1202 902 1419 958 erravit
1450 904 1654 959 navita
1682 905 1910 981 campis

510 1003 856 1081 aequoreis,
899 1003 1204 1082 nullisque
1232 1001 1428 1061 modis
1458 1022 1816 1081 cognoscere
1846 1006 2019 1082 signa

509 1112 653 1162 tunc
684 1104 906 1179 valuit,
953 1123 1273 1185 cursusque
1306 1106 1531 1163 reflexa
1566 1123 1768 1186 puppe
1793 1110 2059 1185 negavit.

343 1199 465 1269 485
588 1206 854 1285 Pervigil
882 1207 1220 1265 insomnem
1251 1207 1430 1265 miles
1456 1210 1820 1289 Maurusque
1850 1207 2126 1269 trahebat

508 1319 770 1366 armatus
798 1319 1068 1367 noctem:
1115 1307 1452 1367 discurrens
1477 1307 1747 1390 midique
1772 1311 1964 1370 fossas

509 1411 716 1469 circuit
734 1455 751 1486 ,
799 1413 1044 1469 attonita
1072 1413 1303 1470 sonitus
1329 1411 1605 1488 explorat
1635 1423 1696 1470 et
1721 1432 1886 1488 aure,

510 1524 719 1571 cuncta
748 1533 963 1572 cavens
980 1558 996 1588 ,
1042 1533 1119 1570 ne
1149 1514 1285 1593 quis
1314 1511 1557 1573 fraudes
1582 1525 1843 1573 tentaret
1865 1517 1934 1572 in
1962 1535 2076 1580 usu

506 1617 696 1674 noctis
729 1626 786 1673 et
815 1615 1080 1674 indubiis
1110 1616 1358 1673 inferret
1384 1617 1613 1694 proelia
1645 1619 1876 1677 castris.

344 1713 466 1782 440
508 1715 842 1777 discurrunt
858 1763 874 1793 ,
918 1719 1271 1798 vicibusque
1299 1719 1424 1778 suis
1450 1722 1707 1777 tentoria
1732 1730 1993 1796 servant,

508 1832 569 1880 et
593 1821 824 1880 vicibus
851 1819 1161 1900 placidum
1186 1821 1393 1878 ferrati
1421 1832 1661 1901 pectore
1685 1842 1965 1881 somnum

507 1932 757 2002 carpunt
784 1925 968 2005 inque
993 1925 1158 1982 sinus
1188 1924 1491 1983 flectentes
1523 1926 1678 1983 colla
1707 1936 2026 2004 reponunt.

502 2023 570 2083 hi
599 2027 852 2103 clipeos,
894 2023 1205 2104 pharetras
1235 2024 1341 2082 alii
1371 2028 1701 2086 cervicibus
1734 2038 1940 2107 aptant

506 2130 875 2207 suppositas,
917 2126 1242 2209 hastasque
1269 2139 1473 2186 tenent
1505 2148 1819 2210 arcusque.
1905 2128 2186 2192 sedentes

340 2226 462 2296 445
506 2232 748 2290 ensibus
782 2234 1011 2306 innixi,
1054 2233 1255 2289 vultus
1283 2233 1347 2288 in
1376 2242 1617 2309 pectora
1646 2243 1912 2308 curvant,

505 2353 747 2392 somnus
781 2344 839 2391 et
869 2333 1120 2392 adverso
1146 2336 1253 2391 vix
1277 2337 1470 2412 tangit
1496 2336 1730 2394 lumina
1764 2356 1951 2394 cornu

505 2435 828 2516 effugiens3
874 2440 1210 2516 iterumque
1240 2447 1417 2514 caput
1446 2439 1570 2494 iam
1595 2440 1839 2518 iamque
1865 2439 2176 2495 remittunt

503 2561 615 2598 nec
645 2541 908 2596 relevare
938 2540 1175 2613 valent3
1220 2540 1426 2598 oculos
1457 2538 1864 2622 claudumque
1894 2551 2279 2622 moventque,

503 2645 877 2721 sollicitoque
908 2638 1126 2699 cadens
1162 2653 1478 2721 quassatur
1507 2653 1747 2722 pectore
1777 2654 2012 2702 vertex.

339 2744 463 2809 450
504 2743 647 2803 dum
674 2744 926 2823 vigilant
949 2745 1301 2823 variantque
1327 2746 1489 2803 vices
1522 2764 1818 2826 cursuque
1843 2747 2137 2820 laborant,

505 2858 696 2906 cetera
728 2849 852 2904 iam
880 2865 1123 2904 somnos
1155 2849 1363 2905 castris
1387 2866 1597 2906 secura
1626 2848 1908 2908 iuventus

502 2960 739 3030 pectore
773 2948 1052 3028 carpebat
1074 2947 1333 3026 placido.
1417 2959 1652 3007 tantum
1674 2951 1947 3030 improba
1970 2951 2181 3009 Martis

504 3053 662 3110 facta
693 3062 909 3130 gerunt
939 3061 1206 3109 mentes:
1252 3052 1484 3110 animos
1509 3054 1808 3111 insomnia
1839 3054 2079 3112 turbant

505 3156 788 3213 sollicitos
805 3199 822 3230 ,
866 3157 1184 3234 variasque
1212 3152 1535 3212 ostendunt
1560 3166 1735 3213 nocte
1764 3154 2007 3233 figuras.

334 3257 461 3323 455
503 3257 679 3315 miles
706 3266 774 3314 ut
800 3259 861 3313 in
892 3240 1100 3314 tenero
1131 3256 1364 3315 laxavit
1389 3257 1660 3314 membra
1690 3276 1921 3335 sopore,

504 3379 634 3418 rore
660 3378 816 3417 novo
845 3361 1075 3437 primus
1104 3356 1364 3416 madidis
1392 3360 1501 3415 vix
1533 3360 1708 3415 irruit
1734 3358 1845 3416 alis

505 3481 779 3535 somnus,
828 3471 887 3518 et
921 3459 1108 3518 effuso
1139 3461 1431 3517 flaverunt
1456 3469 1698 3539 pectora
1729 3476 1944 3517 cornu:

509 3575 695 3621 castra
727 3564 920 3621 aliena
952 3563 1110 3641 rapit
1136 3562 1310 3619 celsis
1344 3560 1418 3619 de
1446 3559 1752 3619 montibus
1778 3559 2014 3618 absens.·

507 3684 749 3744 corpore
776 3662 994 3722 dormit
1018 3667 1179 3722 iners
1197 3710 1212 3739 ,
1260 3666 1458 3722 animo
1488 3674 1693 3722 tamen
1721 3663 1826 3720 ille
1857 3662 2090 3720 laborat

335 3766 464 3835 460
505 3768 664 3825 bella
693 3787 936 3845 gerens,
979 3767 1286 3848 vincitque
1314 3764 1558 3825 trahens
1586 3766 1991 3824 autvulnerat
2016 3762 2276 3842 hostem,

505 3881 607 3927 aut
636 3872 782 3928 vitat
806 3871 1003 3949 clipeo
1030 3870 1613 3928 venientiavulnera
1642 3879 1848 3927 cautus

506 3974 798 4051 opposito,
884 3990 1044 4031 nunc
1074 3970 1364 4033 dividitur
1392 3990 1689 4052 sensuque
1713 3990 2037 4051 manuque,

2445 439 2543 509 57

325 4183 435 4239 429
468 4183 662 4239 habens
689 4189 739 4242 Τ
758 4194 809 4240 et
833 4205 869 4240 a
893 4187 1122 4241 sectanda
1142 4205 1304 4242 mann
1325 4189 1502 4242 ualens
1520 4227 1538 4255 ,
1571 4188 1766 4243 uadens
1787 4187 1851 4240 M
2016 4185 2120 4241 438
2151 4200 2340 4240 canens
2363 4201 2460 4236 neu
2490 4185 2540 4235 Τ

322 4252 435 4308 439
465 4252 519 4306 iu
543 4255 704 4311 dubiis
728 4259 873 4327 apud
895 4258 956 4310 M
1160 4258 1265 4311 440
1296 4259 1537 4313 discurrit.
1564 4260 1614 4309 Τ
1813 4256 1917 4311 442
1950 4256 2056 4309 suis
2084 4258 2133 4310 Τ

2318 4253 2421 4307 445
2457 4252 2533 4303 in-

321 4320 465 4374 nixis
500 4324 551 4376 Τ
724 4328 852 4382 ibid.
888 4334 1102 4400 pectore
1125 4328 1268 4399 apud
1292 4329 1349 4381 Μ
1553 4327 1658 4382 448
1693 4326 1872 4380 uolunt
1905 4328 1953 4380 Τ
2148 4323 2255 4380 456
2288 4339 2402 4374 mox
2427 4322 2540 4374 ΜΤ

319 4392 429 4444 461
466 4390 660 4464 clipeos
689 4397 751 4450 Τ.
