3210 5200
753 281 900 353 408
1374 281 1656 347 NOTAE
1703 279 1792 345 IN
1843 279 2164 346 LIBRUM
2211 279 2304 344 111

754 447 912 519 vale,
952 448 1015 506 in
1066 446 1317 524 Corippo
1351 466 1473 503 non
1508 446 1795 525 paganica
1828 441 2283 521 intelligendum
2326 453 2413 502 est
2431 485 2448 517 ,
2492 452 2559 500 ut
2583 442 2645 499 in
2674 461 2920 502 omnem

752 535 1160 590 aeternitatem
1201 551 1266 588 se
1309 533 1507 608 ipsum
1544 550 1670 589 non
1717 531 2046 587 revisurum
2079 526 2233 586 dicat
2267 527 2422 586 filius
2464 530 2725 587 Iustinus
2744 573 2761 600 ‚
2803 529 2920 588 sed

752 622 936 674 vitam
993 634 1164 672 snam
1223 634 1358 672 cum
1401 613 1511 672 hac
1562 634 1708 673 voce
1755 615 2195 691 complectitur3
2273 614 2435 692 quali
2486 612 2916 690 significatione

752 704 933 758 etiam
977 697 1243 757 ethnicos
1285 701 1669 777 sapientiores
1702 701 1764 755 in
1800 700 2261 756 conclamatione
2291 716 2561 755 carorum
2593 700 2908 775 accepisse,

753 785 1003 842 aliorum
1028 787 1426 861 interpretatio
1451 804 1560 841 nos
1589 793 1857 841 accurate
1883 783 2259 861 inspicientes
2290 780 2515 839 edocet.
2587 801 2722 838 cum
2746 787 2910 840 enim

753 871 857 925 alii
895 867 1095 925 dicunt
1137 867 1427 926 defunctis
1453 879 1759 925 aeternum
1785 867 2013 937 valea-⁹,
2047 869 2150 925 alii
2179 867 2425 945 longum
2451 864 2757 939 dixerunt,
2797 887 2907 924 ea-

754 952 890 1011 dem
915 955 1147 1031 utrique
1173 964 1480 1030 potestate.
1523 955 1676 1010 Bion
1705 950 2004 1031 epitaphio
2029 949 2350 1010 Adonidis:
2395 945 2637 1030 φεῦγεις
2659 946 2906 1028 μακρόν,

736 1034 988 1110 Ἆδωνι,
1042 1038 1145 1097 καὶ
1177 1037 1367 1115 laxem
1407 1038 1492 1108 εἰς
1530 1031 1879 1115 Ἀχέροντα,
1920 1037 2021 1094 ubi
2055 1046 2208 1094 certe
2239 1038 2301 1092 in
2333 1055 2570 1093 omnem
2594 1037 2909 1092 aeternita-

753 1132 876 1179 tem
914 1123 1030 1199 ipsi
1073 1119 1566 1179 commanendum
1603 1131 1747 1179 erat.
1834 1123 1917 1179 sic
1946 1121 2052 1178 diu
2077 1120 2289 1179 eadem
2310 1123 2370 1177 vi
2399 1122 2702 1197 usurpavit
2727 1121 2906 1198 Papi-

753 1208 920 1278 nius,
964 1205 1201 1282 grandis
1241 1205 1638 1264 eruditionum
1674 1216 1871 1284 pater,
1914 1204 2109 1268 Theb.
2150 1211 2223 1268 8.
2265 1207 2344 1262 ite
2381 1204 2489 1261 diu
2513 1205 2773 1281 fian-ee,
2810 1206 2909 1262 in-

752 1290 1100 1369 discretique
1144 1293 1430 1367 supremi-s·
1472 1290 1739 1368 ignibus,
1801 1302 1859 1346 et
1892 1311 2060 1348 oms
2102 1311 2260 1347 urna
2300 1288 2644 1367 confundite
2682 1308 2899 1345 manes.

755 1372 870 1432 hoc
913 1385 1001 1433 est
1041 1384 1347 1432 aeternum
1391 1376 1620 1432 fratres.
1725 1377 1854 1453 pari
1906 1377 2128 1433 ratione
2164 1375 2479 1451 antiquum
2520 1392 2628 1450 pro
2671 1384 2901 1430 aeterno

756 1457 1074 1517 Christiani
1134 1462 1444 1538 scriptores
1492 1461 1680 1518 nostri
1726 1469 1975 1537 ponunt.
2057 1460 2315 1516 Hilarius
2368 1460 2432 1514 in
2485 1459 2730 1515 Genesi:
2780 1459 2906 1534 ipse

745 1546 1026 1621 perennis·
1054 1547 1321 1621 epit-ilus,
1361 1546 1608 1621 antiquo
1637 1545 1838 1601 vivens
1852 1563 1966 1620 pet·
1991 1543 2230 1600 saecula
2252 1553 2435 1600 motu.
2522 1543 2767 1600 BAn‘rn.

923 1632 1023 1690 87.
1107 1628 1356 1685 sublime
1391 1628 1724 1686 sublimiter
1765 1628 2004 1686 denotat
2022 1672 2039 1702 ,
2100 1637 2158 1685 et
2196 1638 2285 1685 est
2323 1647 2440 1684 usu
2474 1627 2904 1704 praeclarorum

752 1722 1054 1769 auctorum
1081 1722 1413 1789 receptum.
1500 1714 1781 1789 Virgilius
1811 1712 1922 1771 ecl.
1955 1717 2030 1775 2:
2075 1721 2380 1770 cantantes
2420 1709 2672 1768 sublime
2694 1711 2908 1788 serant

751 1795 839 1852 ad
872 1795 1064 1851 sidera
1104 1797 1299 1872 cygni.
1389 1798 1696 1855 Lucretius
1725 1801 1797 1858 3:
1842 1807 2271 1874 nocturnasque
2278 1796 2460 1874 faces
2488 1795 2640 1853 caeli
2664 1794 2907 1852 sublime

754 1879 1033 1935 solantes.
1121 1878 1477 1937 Prudentius
1528 1883 1589 1937 in
1635 1884 1931 1940 Romano:
1975 1882 2274 1958 praecipit
2315 1878 2565 1938 sublime
2603 1879 2815 1937 tollant
2849 1890 2907 1936 et

752 1983 937 2020 manu
967 1962 1211 2039 pulsent
1250 1974 1437 2020 nates.
1526 1975 1682 2022 recte
1706 1975 1907 2022 autem
1932 1977 2082 2023 nutu
2108 1964 2260 2023 dixit
2296 1968 2438 2022 satis
2464 1962 2663 2022 doctus
2686 1970 2899 2042 poeta.
2879 1981 2899 1995 ·

744 2065 1099 2124 magnorum
1142 2050 1300 2105 enim
1337 2049 1670 2127 principum
1707 2052 1887 2107 etiam
1929 2061 2109 2108 nutus
2146 2051 2396 2128 imperia
2424 2059 2591 2122 sunt,
2636 2058 2693 2105 et
2720 2048 2897 2106 obse-

750 2129 1009 2189 cundant
1036 2133 1156 2190 illis
1183 2131 1433 2205 subditi,
1478 2137 1527 2191 si
1555 2137 1658 2214 qui
1686 2144 1825 2193 sunt
1850 2136 1991 2192 boni
2010 2137 2215 2192 animi.
2298 2131 2598 2192 Ennodius
2621 2135 2898 2230 Panegy-

749 2219 868 2273 rico
915 2214 1305 2274 Theodorici:
1372 2217 1668 2275 metuebat
1696 2230 1976 2296 parentes
2020 2220 2328 2288 exercitus,
2370 2238 2544 2297 quem
2578 2219 2904 2275 metrani-sse

747 2302 994 2378 origc'm’a
1030 2322 1175 2358 suae
1209 2301 1561 2360 admonebat
1587 2303 1777 2361 honor
1801 2304 2057 2362 alienus:
2102 2324 2244 2362 nam
2270 2306 2357 2360 ire
2380 2304 2469 2361 ad
2493 2314 2705 2359 nutum
2730 2321 2902 2359 suum

746 2383 1000 2463 legiones
1029 2398 1084 2443 ec
1111 2407 1365 2444 remeare
1382 2409 1612 2464 pavore
1638 2388 1883 2467 alguius
1915 2387 2262 2466 imperabat.
2351 2391 2601 2446 ΒΑιιτιι.

914 2475 1016 2535 89.
1101 2473 1260 2530 faces
1308 2472 1584 2531 funebres
1638 2484 1763 2531 tam
1809 2475 2148 2553 frequenter
2185 2475 2494 2533 nominant
2535 2482 2795 2529 auctores
2829 2479 2899 2527 nt

745 2555 915 2613 nefas
959 2557 1035 2614 sit
1076 2554 1150 2613 de
1188 2575 1260 2614 ea
1295 2576 1359 2615 re
1399 2557 1725 2638 quidquam
1765 2556 1980 2617 dicere.
2066 2557 2227 2639 quod
2267 2577 2469 2618 cereae
2492 2559 2743 2631 fuerint,
2782 2574 2902 2615 non

746 2639 868 2717 legi
897 2642 1012 2698 nisi
1035 2638 1168 2699 hic:
1218 2661 1359 2699 nam
1381 2643 1608 2700 Seneca
1634 2645 1788 2702 clare
1816 2642 1988 2702 docet
2004 2664 2222 2721 pueros
2246 2644 2334 2702 ad
2358 2664 2573 2713 cereos,
2606 2644 2759 2699 viros
2782 2642 2902 2697 sive

744 2724 982 2782 adultos
1011 2726 1099 2783 ad
1100 2726 1279 2803 facea
1310 2727 1507 2805 efferri
1528 2728 1747 2786 solitos.
1813 2732 2050 2807 Lipsius
2082 2728 2373 2786 observat.
2434 2738 2502 2786 tu
2527 2725 2662 2784 vide
2688 2727 2896 2785 Senec-

747 2828 841 2883 ep.
877 2813 1021 2880 123,
1067 2809 1141 2867 de
1170 2812 1378 2868 brevit.
1407 2802 1562 2869 vitae
1592 2834 1643 2869 c.
1669 2814 1810 2887 ult.‚
1856 2813 1928 2871 de
1961 2814 2260 2894 tranquill.
2293 2815 2478 2870 animi
2506 2833 2558 2869 c.
2597 2817 2693 2873 11.
2761 2808 2895 2867 hinc

746 2901 974 2947 constat
1004 2896 1313 2970 antiquum
1338 2896 1522 2952 fuisse
1545 2900 1610 2952 in
1640 2899 1884 2955 ecclesia
1915 2901 2125 2971 ritum,
2171 2916 2351 2977 quem
2372 2894 2552 2955 hodie
2577 2894 2896 2952 etiamnum

744 2985 1011 3048 servant,
1076 2977 1341 3034 comitari
1387 2978 1595 3036 funera
1641 2983 1899 3038 accensis
1940 2980 2199 3057 facibus,
2265 2980 2556 3039 distinctis
2599 2977 2892 3039 ordinibus

743 3059 1170 3134 ecclesiasticis,
1210 3063 1584 3138 praecinente
1615 3063 1988 3123 sacerdotum
2012 3063 2190 3125 choro
2222 3068 2538 3147 puerisque
2560 3061 2891 3143 phonascis.

744 3140 1048 3220 theologos
1073 3165 1195 3202 non
1221 3146 1508 3204 exscribo.
1591 3148 1871 3207 naurs-r.

906 3226 988 3283 ib.
1075 3231 1413 3288 notissimus
1455 3241 1723 3289 veterum
1757 3252 2126 3312 paganorum
2169 3254 2327 3308 mos,
2388 3231 2595 3292 efferre
2634 3243 2892 3291 mortuos

739 3329 878 3367 cnm
903 3311 1131 3371 facibus
1161 3317 1373 3387 cereis3
1420 3312 1558 3372 hinc
1585 3320 1764 3376 etiam
1770 3320 1976 3397 sunus
1999 3339 2034 3377 a
2057 3320 2298 3378 funibus
2323 3339 2430 3377 seu
2461 3318 2760 3376 funalibus
2789 3336 2894 3373 ac-

738 3397 928 3455 censis
981 3396 1203 3456 dictum
1246 3399 1452 3457 volunt
1507 3406 1876 3478 grammatici
1932 3405 2227 3478 Donatus,
2283 3404 2555 3476 servius,
2610 3400 2891 3461 Isidorus.

737 3480 995 3539 eundem
1021 3503 1250 3542 morem
1279 3487 1459 3542 etiam
1491 3488 1738 3545 ecclesia
1766 3490 2033 3562 retinuit,
2076 3486 2190 3545 hac
2225 3487 2680 3565 significatione,
2723 3486 2886 3563 quasi

737 3563 1001 3624 defuncti
1037 3579 1318 3648 tanquam
1346 3568 1602 3633 athletae
1634 3570 1878 3651 qnidam
1908 3533 2271 3630 deducantur
2294 3572 2518 3629 facibus
2550 3572 2801 3627 accensis
2824 3578 2891 3626 et

732 3656 1151 3728 praeponatis,
1196 3665 1259 3711 ut
1292 3652 1520 3713 devicto
1552 3657 1819 3730 saeculo,
1863 3656 1942 3715 ad
1976 3676 2319 3735 supremum
2347 3657 2522 3714 illum
2556 3644 2891 3734 βραβειηήν

737 3752 805 3790 ac
837 3732 1270 3813 designatorem
1301 3751 1585 3816 pergant,
1631 3761 1875 3800 coronas
1914 3761 1982 3799 ac
2012 3744 2272 3819 praemia
2298 3759 2627 3819 pugnarum
2651 3748 2888 3796 strenue

734 3829 1128 3895 pugnatamm
1152 3827 1501 3901 percepturi.
1590 3824 1760 3884 docet
1788 3847 1886 3884 me
1906 3822 2061 3884 hanc
2087 3826 2572 3925 significationem
2602 3825 2667 3883 S.
2695 3819 2889 3899 Chry-

736 3912 1027 3962 sostomns
1053 3903 1261 3968 homil.
1294 3906 1335 3969 4
1361 3906 1439 3965 ad
1461 3909 1674 3969 Hebr.:
1719 3908 1846 3976 εἰπὲ
1867 3904 1998 4014 γάρ
2010 3934 2167 4017 μοι,
2208 3913 2265 3972 τί
2308 3904 2629 3990 βούλονται
2652 3907 2721 3968 αἱ
2740 3909 2891 3984 λαμ,-

734 3980 923 4061 naides
969 3990 1038 4051 αἱ
1075 3993 1353 4071 measure,-
1395 3985 1504 4070 ov’x
1538 4015 1621 4064 ως
1652 3989 1920 4073 αθλητας
1947 4018 2164 4069 αυτους
2187 3994 2647 4073 προπέμπομεη
2689 3991 2893 4048 allusit

734 4068 813 4129 ad
836 4072 1090 4132 eundem
1113 4095 1342 4134 morem
1366 4087 1424 4137 et
1443 4077 1710 4136 Alcimus
1723 4081 1935 4138 Avitus
1949 4081 2055 4137 lib.
2073 4080 2148 4143 5·
2191 4079 2366 4138 nulla
2393 4098 2620 4136 vacans
2640 4097 2685 4132 a
2709 4088 2895 4133 morte

731 4155 967 4231 domus,
1007 4159 1152 4217 dum
1175 4160 1398 4219 lumine
1421 4160 1605 4220 multo
1632 4172 1756 4221 tota
1777 4174 2022 4223 curatur
2033 4166 2397 4244 populosum
2401 4163 2611 4242 sunus
2634 4164 2701 4221 in
2721 4158 2888 4221 uehe-

731 4244 917 4303 err.
