3210 5200
484 427 821 496 GOIUPPI
852 427 966 492 DE
1002 426 1329 495 LAUDIB.
1363 426 1581 495 IUST.
1610 425 1913 495 MINOR.
1941 429 2423 498 DEDICATIO.
2462 418 2622 500 '165

495 596 561 669 ,5
602 612 948 653 mensuram
972 595 1267 652 transfusa
1297 613 1529 668 meam,
1573 594 1875 673 longeque
1904 606 2131 654 remota

605 696 862 774 suspicio
889 697 1193 775 mirorque
1217 693 1461 769 videns,
1507 707 1566 754 et
1596 694 1837 754 brachia
1862 696 2044 755 tendo

597 800 826 875 ingenii
850 797 1149 877 studiique
1176 800 1319 855 mei.
1405 808 1522 856 stat
1548 799 1765 856 fertiHs
1793 799 1967 855 arbor

601 919 902 958 sacrorum
927 903 987 956 in
1015 898 1215 957 medio
1245 918 1559 956 nemorum
1577 942 1593 972 ,
1644 897 2044 976 pulcherrima
2073 901 2227 975 visu,

598 1023 707 1081 per
727 1000 938 1059 mundi
970 1004 1229 1080 spatium
1259 1021 1455 1059 ramos
1484 1020 1639 1079 quae
1664 998 1858 1060 tendit
1886 1020 2124 1079 opacos,

480 1106 559 1167 10
597 1104 887 1160 fructibus
912 1104 1249 1179 omnigenis
1272 1105 1455 1160 etiam
1478 1104 1608 1162 sine
1633 1112 1902 1180 tempore
1930 1103 2133 1179 plena,

600 1215 660 1261 et
685 1223 840 1262 nova
865 1207 1115 1263 maturis
1144 1203 1479 1262 admiscens
1506 1206 1777 1282 germina
1807 1205 2039 1281 pomis3

602 1307 769 1364 cuius
798 1325 954 1385 apex
980 1309 1201 1365 summi
1233 1309 1520 1384 contingit
1549 1305 1746 1364 sidera
1779 1307 1949 1381 caeli,

600 1420 659 1467 et
685 1407 862 1466 radix
890 1407 965 1467 de
996 1410 1162 1467 fonte
1190 1409 1341 1466 bibit
1361 1452 1377 1482 ,
1421 1410 1724 1486 sacrisque
1748 1406 1988 1465 fluentis

599 1510 890 1589 expandit
919 1511 1129 1567 satiata
1154 1528 1354 1566 comas
1371 1553 1389 1583 ,
1434 1518 1493 1566 et
1523 1509 1730 1565 nubila
1761 1526 1940 1587 supra
1969 1518 2085 1567 est.

481 1611 556 1676 15
598 1613 823 1671 arboris
848 1621 907 1668 et
937 1611 1153 1683 fontis,
1196 1613 1248 1668 si
1280 1611 1372 1669 fes
1400 1630 1757 1689 componere
1784 1611 2025 1687 magnis

596 1734 777 1793 parva
806 1712 998 1784 datur,
1041 1712 1231 1770 iustas
1257 1710 1464 1769 videor
1488 1714 1758 1790 posuisse
1784 1710 2035 1788 figuras:

598 1818 693 1874 sin
721 1816 895 1873 aliter
920 1810 1161 1889 videar,
1204 1815 1445 1871 veniam
1470 1816 1621 1895 petit
1638 1857 1654 1887 ,
1699 1813 1923 1890 optime
1951 1821 2248 1890 quaestor,

597 1918 947 1996 simplicitas
977 1917 1185 1993 ignara
1211 1916 1381 1975 mali.
1466 1926 1537 1974 tu
1561 1916 1775 1973 fertilis
1801 1914 1977 1971 arbor

596 2022 867 2098 Augusto
901 2017 976 2075 de
1002 2020 1166 2076 fonte
1193 2018 1437 2077 bibens:
1478 2018 1616 2076 fons
1642 2019 1946 2075 maximus
1972 2015 2144 2072 aulae
2179 2024 2269 2071 est

472 2124 555 2186 20
597 2123 929 2180 cormnunis
950 2120 1295 2179 benefactor
1317 2118 1497 2178 herus
1515 2164 1531 2193 ,
1574 2120 1711 2178 sons
1736 2120 1938 2176 omnia
1966 2115 2183 2190 ditans,

600 2226 703 2303 qui
728 2234 829 2281 tua
854 2242 964 2301 per
988 2223 1140 2279 latas
1171 2219 1383 2281 eduxit
1408 2220 1649 2280 brachia
1678 2232 1867 2280 terras

596 2338 656 2385 et
680 2327 935 2405 populos
966 2335 1160 2405 restra
1185 2327 1552 2405 requiescere
1575 2325 1723 2381 fecit·
1738 2324 1803 2378 in
1824 2320 2063 2378 umbra.

595 2428 712 2488 hoc
741 2424 895 2485 mihi
928 2406 1005 2485 da
1033 2425 1109 2483 de
1137 2428 1303 2485 fonte
1327 2425 1563 2498 bibam,
1609 2434 1675 2481 tu
1699 2422 1926 2501 pabula
1946 2421 2259 2499 praebens,

595 2531 728 2589 fons
761 2526 914 2587 mihi
944 2527 1139 2586 dulcis
1162 2547 1371 2608 aquas.
1455 2525 1608 2585 haec
1629 2527 1786 2583 inter
1811 2541 2063 2580 amoena
2089 2524 2354 2580 libenter

470 2635 553 2701 25
593 2635 821 2692 nutriar
832 2677 853 2748 ζ
899 2644 957 2691 et
989 2642 1186 2690 vestra
1212 2632 1458 2688 satiatus
1488 2639 1768 2708 protegar
1792 2625 2025 2699 umbra,

595 2754 830 2795 summe
856 2734 1310 2810 magistrorum,
1352 2749 1667 2810 procenun
1691 2726 1892 2801 decim,
1936 2725 2363 2798 arbiter-orbis,
2402 2762 2406 2766 .

592 2838 877 2917 principis
900 2837 1164 2914 auspicio
1194 2836 1360 2912 leges
1392 2844 1452 2891 et
1475 2835 1607 2890 iura
1634 2831 1993 2910 gubernans,
2083 2891 2088 2896 ,

590 2941 853 2998 iustitiae
878 2935 1137 3011 vindex,
1195 2939 1447 3016 inopum
1469 2946 1670 3014 pater,
1719 2933 1920 2991 omnia
1950 2951 2171 2991 curans

592 3040 832 3100 iudiciis
860 3040 1124 3108 relevare
1151 3041 1269 3117 piis
1286 3083 1302 3112 ,
1348 3041 1488 3118 quia
1515 3053 1766 3095 munera
1792 3035 2035 3108 temnis,

470 3147 553 3209 30
592 3145 825 3222 spernis
851 3143 1193 3216 avaritiam,
1240 3142 1478 3199 fulvum
1503 3142 1643 3220 quia
1670 3139 1900 3216 respuis
1924 3155 2162 3210 aurum,

594 3254 877 3325 quaestor
894 3245 1171 3302 Anastasi
1188 3285 1205 3317 ,
1252 3260 1437 3321 quem
1464 3239 1686 3299 Christi
1714 3259 1964 3298 munere
1992 3238 2187 3296 fidum

592 3348 871 3425 cognovit
896 3348 1173 3424 princeps
1200 3346 1559 3423 geminoque
1590 3345 1823 3404 ornavit
1848 3340 2101 3401 honore.

594 3450 750 3507 felix
777 3458 867 3505 est
891 3457 1047 3506 totus
1072 3450 1298 3504 Iustino
1322 3448 1589 3524 principe
1615 3443 1898 3519 muudus,

595 3551 748 3608 felix
773 3546 925 3606 haee
954 3558 1119 3606 aetas
1136 3592 1154 3622 ,
1204 3550 1269 3605 iu
1302 3565 1421 3626 qua
1452 3548 1760 3624 Sapientia
1789 3555 1999 3622 regnat
2016 3562 2060 3602 t·

471 3651 553 3719 85
595 3652 800 3710 felices
828 3651 1037 3730 populi
1069 3662 1128 3709 te
1162 3648 1394 3723 iudice,
1438 3667 1591 3728 quos
1622 3649 1772 3716 facis
1801 3649 1931 3724 ipse

592 3754 705 3813 sub
734 3751 990 3810 dominis
1018 3749 1279 3829 gaudere
1314 3753 1455 3830 piis.
1543 3749 1901 3828 generaliter
1931 3746 2065 3805 orbi

594 3872 943 3934 quanquam
973 3850 1325 3931 provideas,
1366 3855 1570 3912 miseri
1603 3851 1944 3933 specialiter
1965 3848 2100 3906 Afri

591 3958 657 4014 iu
680 3966 739 4014 te
766 3956 970 4014 oculos
1007 3964 1187 4033 atque
1217 3973 1319 4011 ora
1343 3956 1542 4013 ferunt
1560 3971 1582 4011 τ
1624 3955 1748 4031 agit
1778 3953 1980 4010 Africa
2014 3959 2231 4029 grates,

596 4071 655 4116 et
678 4068 938 4116 vestram
966 4059 1088 4114 iam
1116 4059 1294 4114 sentit
1322 4076 1499 4134 opem
1518 4101 1533 4130 ,
1579 4054 1919 4135 gaudetque
1946 4050 2106 4134 quod
2131 4048 2335 4132 ampla

476 4153 554 4220 40
596 4178 833 4237 semper
859 4160 1158 4217 Anastasii
1191 4159 1454 4217 referunt
1478 4159 1688 4217 solatia
1725 4159 1906 4215 cives.

599 4279 695 4317 me
729 4281 970 4340 quoque
1004 4259 1395 4338 gaudentem,
1441 4270 1824 4339 quaestorum
1849 4255 2147 4324 maxime,
2200 4248 2408 4309 redde.

602 4360 767 4443 quod
792 4364 963 4423 labor
995 4361 1278 4438 indulsit,
1325 4360 1488 4444 quod
1521 4362 1694 4421 fessis
1729 4356 1977 4439 provida
2006 4356 2196 4414 Musis
