<?xml version="1.0" encoding="UTF-8"?>
<!DOCTYPE html PUBLIC "-//W3C//DTD XHTML 1.0 Transitional//EN"
    "http://www.w3.org/TR/xhtml1/DTD/xhtml1-transitional.dtd">
<html xmlns="http://www.w3.org/1999/xhtml" xml:lang="en" lang="en">
 <head>
  <title>
</title>
<meta http-equiv="Content-Type" content="text/html;charset=utf-8" />
  <meta name='ocr-system' content='tesseract 3.04.00' />
  <meta name='ocr-capabilities' content='ocr_page ocr_carea ocr_par ocr_line ocrx_word'/>
</head>
<body>
  <div class='ocr_page' id='page_1' title='image "./carminumpanegyr00niebgoog_0017.png"; bbox 0 0 3210 5200; ppageno 0'>
   <div class='ocr_carea' id='block_1_1' title="bbox 732 406 2588 477">
    <p class='ocr_par' dir='ltr' id='par_1_1' title="bbox 732 406 2588 477">
     <span class='ocr_line' id='line_1_1' title="bbox 732 406 2588 477; baseline 0.002 -4"><span class='ocrx_word' id='word_1_1' title='bbox 732 406 1176 474; x_wconf 85' lang='lat' dir='ltr'>NIEBUHRH</span> <span class='ocrx_word' id='word_1_2' title='bbox 1225 408 1339 473; x_wconf 88' lang='lat' dir='ltr'><strong>DE</strong></span> <span class='ocrx_word' id='word_1_3' title='bbox 1389 408 1913 475; x_wconf 83' lang='lat' dir='ltr'><strong>MEROBAUDE</strong></span> <span class='ocrx_word' id='word_1_4' title='bbox 1963 410 2247 477; x_wconf 82' lang='lat' dir='ltr'>PRAEF.</span> <span class='ocrx_word' id='word_1_5' title='bbox 2540 431 2588 477; x_wconf 78' lang='lat' dir='ltr'>v</span> 
     </span>
    </p>
   </div>
   <div class='ocr_carea' id='block_1_2' title="bbox 302 572 2794 4341">
    <p class='ocr_par' dir='ltr' id='par_1_2' title="bbox 378 572 2585 2494">
     <span class='ocr_line' id='line_1_2' title="bbox 556 572 2583 656; baseline 0 -20"><span class='ocrx_word' id='word_1_6' title='bbox 556 576 774 637; x_wconf 84' lang='lat' dir='ltr'><strong>Paucis</strong></span> <span class='ocrx_word' id='word_1_7' title='bbox 811 575 997 653; x_wconf 87' lang='lat' dir='ltr'><strong>igitur</strong></span> <span class='ocrx_word' id='word_1_8' title='bbox 1035 593 1188 653; x_wconf 90' lang='lat' dir='ltr'><strong>quae</strong></span> <span class='ocrx_word' id='word_1_9' title='bbox 1226 572 1300 632; x_wconf 89' lang='lat' dir='ltr'><strong>de</strong></span> <span class='ocrx_word' id='word_1_10' title='bbox 1338 576 1737 651; x_wconf 74' lang='lat' dir='ltr'>membranis,</span> <span class='ocrx_word' id='word_1_11' title='bbox 1795 577 2011 656; x_wconf 86' lang='lat' dir='ltr'><strong>quibus</strong></span> <span class='ocrx_word' id='word_1_12' title='bbox 2055 574 2205 636; x_wconf 84' lang='lat' dir='ltr'><strong>haec</strong></span> <span class='ocrx_word' id='word_1_13' title='bbox 2248 578 2583 656; x_wconf 82' lang='lat' dir='ltr'><strong>fragmenta</strong></span> 
     </span>
     <span class='ocr_line' id='line_1_3' title="bbox 393 673 2584 759; baseline -0.002 -17"><span class='ocrx_word' id='word_1_14' title='bbox 393 684 801 752; x_wconf 84' lang='lat' dir='ltr'><strong>continentur,</strong></span> <span class='ocrx_word' id='word_1_15' title='bbox 847 673 1102 735; x_wconf 89' lang='lat' dir='ltr'><strong>dicenda</strong></span> <span class='ocrx_word' id='word_1_16' title='bbox 1136 687 1309 749; x_wconf 88' lang='lat' dir='ltr'><strong>sunt,</strong></span> <span class='ocrx_word' id='word_1_17' title='bbox 1355 678 1703 735; x_wconf 71' lang='lat' dir='ltr'><strong>absolvam.¹</strong></span> <span class='ocrx_word' id='word_1_18' title='bbox 1769 688 1901 737; x_wconf 82' lang='lat' dir='ltr'><strong>octo</strong></span> <span class='ocrx_word' id='word_1_19' title='bbox 1931 680 2077 737; x_wconf 78' lang='lat' dir='ltr'><strong>folia</strong></span> <span class='ocrx_word' id='word_1_20' title='bbox 2108 688 2277 753; x_wconf 70' lang='lat' dir='ltr'><strong>suntr,</strong></span> <span class='ocrx_word' id='word_1_21' title='bbox 2333 699 2584 759; x_wconf 89' lang='lat' dir='ltr'><strong>quorum</strong></span> 
     </span>
     <span class='ocr_line' id='line_1_4' title="bbox 399 774 2584 863; baseline -0.002 -19"><span class='ocrx_word' id='word_1_22' title='bbox 399 785 511 844; x_wconf 90' lang='lat' dir='ltr'><strong>duo</strong></span> <span class='ocrx_word' id='word_1_23' title='bbox 544 784 706 863; x_wconf 87' lang='lat' dir='ltr'><strong>paria</strong></span> <span class='ocrx_word' id='word_1_24' title='bbox 735 777 815 838; x_wconf 90' lang='lat' dir='ltr'><strong>ad</strong></span> <span class='ocrx_word' id='word_1_25' title='bbox 846 788 1129 837; x_wconf 75' lang='lat' dir='ltr'><strong>octavum</strong></span> <span class='ocrx_word' id='word_1_26' title='bbox 1158 774 1437 855; x_wconf 79' lang='lat' dir='ltr'><strong>discerpti</strong></span> <span class='ocrx_word' id='word_1_27' title='bbox 1462 778 1601 834; x_wconf 83' lang='lat' dir='ltr'>libri</span> <span class='ocrx_word' id='word_1_28' title='bbox 1629 782 2081 857; x_wconf 77' lang='lat' dir='ltr'><strong>quaternionem</strong></span> <span class='ocrx_word' id='word_1_29' title='bbox 2112 783 2424 859; x_wconf 80' lang='lat' dir='ltr'><strong>pertinent,</strong></span> <span class='ocrx_word' id='word_1_30' title='bbox 2455 784 2584 861; x_wconf 88' lang='lat' dir='ltr'><strong>pri-</strong></span> 
     </span>
     <span class='ocr_line' id='line_1_5' title="bbox 397 877 2585 963; baseline -0.001 -19"><span class='ocrx_word' id='word_1_31' title='bbox 397 906 563 944; x_wconf 88' lang='lat' dir='ltr'><strong>mum</strong></span> <span class='ocrx_word' id='word_1_32' title='bbox 595 885 819 943; x_wconf 85' lang='lat' dir='ltr'><strong>scilicet</strong></span> <span class='ocrx_word' id='word_1_33' title='bbox 856 890 1037 960; x_wconf 90' lang='lat' dir='ltr'><strong>atque</strong></span> <span class='ocrx_word' id='word_1_34' title='bbox 1071 881 1196 937; x_wconf 82' lang='lat' dir='ltr'><strong>sive</strong></span> <span class='ocrx_word' id='word_1_35' title='bbox 1229 877 1558 936; x_wconf 89' lang='lat' dir='ltr'><strong>secundum</strong></span> <span class='ocrx_word' id='word_1_36' title='bbox 1593 881 1719 937; x_wconf 83' lang='lat' dir='ltr'><strong>sive</strong></span> <span class='ocrx_word' id='word_1_37' title='bbox 1751 883 1993 938; x_wconf 87' lang='lat' dir='ltr'><strong>tertium</strong></span> <span class='ocrx_word' id='word_1_38' title='bbox 2024 882 2294 942; x_wconf 87' lang='lat' dir='ltr'><strong>eiusdem</strong></span> <span class='ocrx_word' id='word_1_39' title='bbox 2319 902 2460 963; x_wconf 82' lang='lat' dir='ltr'><strong>par:</strong></span> <span class='ocrx_word' id='word_1_40' title='bbox 2511 883 2585 942; x_wconf 88' lang='lat' dir='ltr'><strong>de</strong></span> 
     </span>
     <span class='ocr_line' id='line_1_6' title="bbox 403 980 2584 1062; baseline -0.001 -16"><span class='ocrx_word' id='word_1_41' title='bbox 403 988 632 1047; x_wconf 90' lang='lat' dir='ltr'><strong>duobus</strong></span> <span class='ocrx_word' id='word_1_42' title='bbox 661 984 897 1062; x_wconf 89' lang='lat' dir='ltr'><strong>reliquis</strong></span> <span class='ocrx_word' id='word_1_43' title='bbox 927 1003 1006 1040; x_wconf 90' lang='lat' dir='ltr'><strong>ne</strong></span> <span class='ocrx_word' id='word_1_44' title='bbox 1040 980 1107 1039; x_wconf 90' lang='lat' dir='ltr'><strong>id</strong></span> <span class='ocrx_word' id='word_1_45' title='bbox 1138 980 1383 1061; x_wconf 87' lang='lat' dir='ltr'><strong>quidem</strong></span> <span class='ocrx_word' id='word_1_46' title='bbox 1411 984 1575 1039; x_wconf 90' lang='lat' dir='ltr'><strong>omni</strong></span> <span class='ocrx_word' id='word_1_47' title='bbox 1607 980 1786 1039; x_wconf 89' lang='lat' dir='ltr'><strong>dubio</strong></span> <span class='ocrx_word' id='word_1_48' title='bbox 1816 992 1976 1041; x_wconf 89' lang='lat' dir='ltr'><strong>caret</strong></span> <span class='ocrx_word' id='word_1_49' title='bbox 2007 1003 2075 1041; x_wconf 86' lang='lat' dir='ltr'><strong>ea</strong></span> <span class='ocrx_word' id='word_1_50' title='bbox 2109 982 2189 1042; x_wconf 91' lang='lat' dir='ltr'><strong>ad</strong></span> <span class='ocrx_word' id='word_1_51' title='bbox 2216 1005 2405 1045; x_wconf 85' lang='lat' dir='ltr'><strong>unum</strong></span> <span class='ocrx_word' id='word_1_52' title='bbox 2434 1006 2584 1043; x_wconf 90' lang='lat' dir='ltr'><strong>eun-</strong></span> 
     </span>
     <span class='ocr_line' id='line_1_7' title="bbox 405 1084 2583 1168; baseline 0 -22"><span class='ocrx_word' id='word_1_53' title='bbox 405 1091 653 1168; x_wconf 82' lang='lat' dir='ltr'>demque</span> <span class='ocrx_word' id='word_1_54' title='bbox 698 1087 1145 1166; x_wconf 82' lang='lat' dir='ltr'><strong>quaternionem</strong></span> <span class='ocrx_word' id='word_1_55' title='bbox 1190 1084 1505 1161; x_wconf 87' lang='lat' dir='ltr'><strong>pertinere.</strong></span> <span class='ocrx_word' id='word_1_56' title='bbox 1607 1094 1814 1142; x_wconf 87' lang='lat' dir='ltr'><strong>cuncta</strong></span> <span class='ocrx_word' id='word_1_57' title='bbox 1859 1085 2036 1159; x_wconf 85' lang='lat' dir='ltr'><strong>folia,</strong></span> <span class='ocrx_word' id='word_1_58' title='bbox 2094 1096 2162 1144; x_wconf 88' lang='lat' dir='ltr'><strong>ut</strong></span> <span class='ocrx_word' id='word_1_59' title='bbox 2203 1085 2282 1144; x_wconf 89' lang='lat' dir='ltr'><strong>ad</strong></span> <span class='ocrx_word' id='word_1_60' title='bbox 2324 1087 2583 1146; x_wconf 89' lang='lat' dir='ltr'><strong>eundem</strong></span> 
     </span>
     <span class='ocr_line' id='line_1_8' title="bbox 396 1184 2580 1264; baseline 0 -16"><span class='ocrx_word' id='word_1_61' title='bbox 396 1190 703 1251; x_wconf 86' lang='lat' dir='ltr'><strong>modulum</strong></span> <span class='ocrx_word' id='word_1_62' title='bbox 751 1208 885 1244; x_wconf 85' lang='lat' dir='ltr'><strong>cum</strong></span> <span class='ocrx_word' id='word_1_63' title='bbox 929 1188 1140 1244; x_wconf 86' lang='lat' dir='ltr'><strong>ceteris</strong></span> <span class='ocrx_word' id='word_1_64' title='bbox 1188 1204 1340 1264; x_wconf 90' lang='lat' dir='ltr'><strong>quae</strong></span> <span class='ocrx_word' id='word_1_65' title='bbox 1382 1184 1460 1243; x_wconf 93' lang='lat' dir='ltr'><strong>ad</strong></span> <span class='ocrx_word' id='word_1_66' title='bbox 1507 1184 1936 1247; x_wconf 87' lang='lat' dir='ltr'><strong>conficiendum</strong></span> <span class='ocrx_word' id='word_1_67' title='bbox 1960 1207 2185 1246; x_wconf 79' lang='lat' dir='ltr'><strong>novum</strong></span> <span class='ocrx_word' id='word_1_68' title='bbox 2209 1187 2476 1252; x_wconf 75' lang='lat' dir='ltr'><strong>codicem</strong></span> <span class='ocrx_word' id='word_1_69' title='bbox 2499 1191 2580 1248; x_wconf 91' lang='lat' dir='ltr'><strong>li-</strong></span> 
     </span>
     <span class='ocr_line' id='line_1_9' title="bbox 394 1285 2581 1367; baseline -0.001 -15"><span class='ocrx_word' id='word_1_70' title='bbox 394 1296 621 1352; x_wconf 88' lang='lat' dir='ltr'><strong>brarius</strong></span> <span class='ocrx_word' id='word_1_71' title='bbox 655 1299 1026 1367; x_wconf 71' lang='lat' dir='ltr'><strong>congesserat</strong></span> <span class='ocrx_word' id='word_1_72' title='bbox 1055 1285 1495 1364; x_wconf 83' lang='lat' dir='ltr'><strong>redigerentur,</strong></span> <span class='ocrx_word' id='word_1_73' title='bbox 1543 1298 1646 1344; x_wconf 89' lang='lat' dir='ltr'><strong>aut</strong></span> <span class='ocrx_word' id='word_1_74' title='bbox 1673 1308 1707 1344; x_wconf 89' lang='lat' dir='ltr'><strong>a</strong></span> <span class='ocrx_word' id='word_1_75' title='bbox 1736 1290 2037 1366; x_wconf 79' lang='lat' dir='ltr'><strong>superiore</strong></span> <span class='ocrx_word' id='word_1_76' title='bbox 2069 1301 2171 1347; x_wconf 82' lang='lat' dir='ltr'><strong>aut</strong></span> <span class='ocrx_word' id='word_1_77' title='bbox 2198 1292 2271 1349; x_wconf 90' lang='lat' dir='ltr'><strong>ab</strong></span> <span class='ocrx_word' id='word_1_78' title='bbox 2299 1293 2581 1351; x_wconf 85' lang='lat' dir='ltr'><strong>inferiore</strong></span> 
     </span>
     <span class='ocr_line' id='line_1_10' title="bbox 395 1390 2581 1469; baseline -0.004 -13"><span class='ocrx_word' id='word_1_79' title='bbox 395 1418 494 1456; x_wconf 89' lang='lat' dir='ltr'><strong>ora</strong></span> <span class='ocrx_word' id='word_1_80' title='bbox 520 1396 759 1454; x_wconf 77' lang='lat' dir='ltr'><strong>resectis</strong></span> <span class='ocrx_word' id='word_1_81' title='bbox 791 1411 928 1449; x_wconf 89' lang='lat' dir='ltr'><strong>cum</strong></span> <span class='ocrx_word' id='word_1_82' title='bbox 955 1391 1227 1466; x_wconf 79' lang='lat' dir='ltr'><strong>margine</strong></span> <span class='ocrx_word' id='word_1_83' title='bbox 1256 1390 1484 1468; x_wconf 79' lang='lat' dir='ltr'><strong>aliquot</strong></span> <span class='ocrx_word' id='word_1_84' title='bbox 1515 1390 1783 1448; x_wconf 77' lang='lat' dir='ltr'><strong>versibus</strong></span> <span class='ocrx_word' id='word_1_85' title='bbox 1802 1434 1817 1461; x_wconf 91' lang='lat'><strong>,</strong></span> <span class='ocrx_word' id='word_1_86' title='bbox 1869 1410 2124 1469; x_wconf 86' lang='lat' dir='ltr'><strong>quorum</strong></span> <span class='ocrx_word' id='word_1_87' title='bbox 2152 1412 2436 1451; x_wconf 88' lang='lat' dir='ltr'><strong>numerus</strong></span> <span class='ocrx_word' id='word_1_88' title='bbox 2469 1391 2581 1451; x_wconf 90' lang='lat' dir='ltr'><strong>de-</strong></span> 
     </span>
     <span class='ocr_line' id='line_1_11' title="bbox 388 1466 2579 1574; baseline -0.003 -16"><span class='ocrx_word' id='word_1_89' title='bbox 388 1499 697 1558; x_wconf 86' lang='lat' dir='ltr'><strong>terminari</strong></span> <span class='ocrx_word' id='word_1_90' title='bbox 734 1495 977 1574; x_wconf 89' lang='lat' dir='ltr'><strong>nequit,</strong></span> <span class='ocrx_word' id='word_1_91' title='bbox 1023 1490 1492 1549; x_wconf 74' lang='lat' dir='ltr'><strong>deminutionem</strong></span> <span class='ocrx_word' id='word_1_92' title='bbox 1535 1511 1709 1569; x_wconf 89' lang='lat' dir='ltr'><strong>passa</strong></span> <span class='ocrx_word' id='word_1_93' title='bbox 1751 1501 1921 1548; x_wconf 71' lang='lat' dir='ltr'><strong>sunt:</strong></span> <span class='ocrx_word' id='word_1_94' title='bbox 1982 1488 2141 1570; x_wconf 90' lang='lat' dir='ltr'><strong>quod</strong></span> <span class='ocrx_word' id='word_1_95' title='bbox 2187 1491 2267 1549; x_wconf 89' lang='lat' dir='ltr'><strong>ad</strong></span> <span class='ocrx_word' id='word_1_96' title='bbox 2308 1466 2579 1552; x_wconf 69' lang='lat' dir='ltr'><strong>latitudi-</strong></span> 
     </span>
     <span class='ocr_line' id='line_1_12' title="bbox 384 1593 2578 1671; baseline -0.004 -11"><span class='ocrx_word' id='word_1_97' title='bbox 384 1621 533 1659; x_wconf 87' lang='lat' dir='ltr'><strong>nem</strong></span> <span class='ocrx_word' id='word_1_98' title='bbox 573 1602 823 1669; x_wconf 80' lang='lat' dir='ltr'><strong>attinet,</strong></span> <span class='ocrx_word' id='word_1_99' title='bbox 867 1598 934 1651; x_wconf 85' lang='lat' dir='ltr'><strong>in</strong></span> <span class='ocrx_word' id='word_1_100' title='bbox 971 1613 1089 1649; x_wconf 91' lang='lat' dir='ltr'><strong>uno</strong></span> <span class='ocrx_word' id='word_1_101' title='bbox 1126 1595 1255 1671; x_wconf 88' lang='lat' dir='ltr'><strong>pari</strong></span> <span class='ocrx_word' id='word_1_102' title='bbox 1296 1595 1599 1671; x_wconf 85' lang='lat' dir='ltr'><strong>utriusque</strong></span> <span class='ocrx_word' id='word_1_103' title='bbox 1644 1593 1776 1652; x_wconf 85' lang='lat' dir='ltr'><strong>folii</strong></span> <span class='ocrx_word' id='word_1_104' title='bbox 1820 1613 1922 1651; x_wconf 91' lang='lat' dir='ltr'><strong>ora</strong></span> <span class='ocrx_word' id='word_1_105' title='bbox 1955 1614 2093 1651; x_wconf 89' lang='lat' dir='ltr'><strong>cum</strong></span> <span class='ocrx_word' id='word_1_106' title='bbox 2124 1597 2406 1653; x_wconf 82' lang='lat' dir='ltr'><strong>extremis</strong></span> <span class='ocrx_word' id='word_1_107' title='bbox 2440 1616 2578 1653; x_wconf 83' lang='lat' dir='ltr'><strong>ver—</strong></span> 
     </span>
     <span class='ocr_line' id='line_1_13' title="bbox 391 1695 2579 1776; baseline -0.004 -15"><span class='ocrx_word' id='word_1_108' title='bbox 391 1721 578 1762; x_wconf 87' lang='lat' dir='ltr'><strong>suum</strong></span> <span class='ocrx_word' id='word_1_109' title='bbox 618 1699 829 1756; x_wconf 87' lang='lat' dir='ltr'><strong>litteris</strong></span> <span class='ocrx_word' id='word_1_110' title='bbox 872 1695 1125 1753; x_wconf 87' lang='lat' dir='ltr'><strong>abscissa</strong></span> <span class='ocrx_word' id='word_1_111' title='bbox 1169 1706 1293 1766; x_wconf 72' lang='lat' dir='ltr'><strong>estt,</strong></span> <span class='ocrx_word' id='word_1_112' title='bbox 1352 1697 1415 1752; x_wconf 90' lang='lat' dir='ltr'><strong>in</strong></span> <span class='ocrx_word' id='word_1_113' title='bbox 1455 1697 1700 1775; x_wconf 89' lang='lat' dir='ltr'><strong>reliquis</strong></span> <span class='ocrx_word' id='word_1_114' title='bbox 1742 1696 1961 1768; x_wconf 88' lang='lat' dir='ltr'><strong>tribus,</strong></span> <span class='ocrx_word' id='word_1_115' title='bbox 2004 1706 2231 1753; x_wconf 87' lang='lat' dir='ltr'><strong>mutata</strong></span> <span class='ocrx_word' id='word_1_116' title='bbox 2272 1695 2350 1754; x_wconf 89' lang='lat' dir='ltr'><strong>ad</strong></span> <span class='ocrx_word' id='word_1_117' title='bbox 2385 1717 2579 1776; x_wconf 84' lang='lat' dir='ltr'><strong>angu-</strong></span> 
     </span>
     <span class='ocr_line' id='line_1_14' title="bbox 393 1797 2576 1875; baseline -0.002 -12"><span class='ocrx_word' id='word_1_118' title='bbox 393 1808 636 1863; x_wconf 88' lang='lat' dir='ltr'><strong>stiorem</strong></span> <span class='ocrx_word' id='word_1_119' title='bbox 672 1797 977 1858; x_wconf 88' lang='lat' dir='ltr'><strong>modulum</strong></span> <span class='ocrx_word' id='word_1_120' title='bbox 1021 1798 1309 1875; x_wconf 80' lang='lat' dir='ltr'><strong>plicatura</strong></span> <span class='ocrx_word' id='word_1_121' title='bbox 1330 1841 1346 1870; x_wconf 87' lang='lat'><strong>,</strong></span> <span class='ocrx_word' id='word_1_122' title='bbox 1394 1798 1648 1854; x_wconf 81' lang='lat' dir='ltr'><strong>altenun</strong></span> <span class='ocrx_word' id='word_1_123' title='bbox 1685 1799 1897 1855; x_wconf 88' lang='lat' dir='ltr'><strong>folium</strong></span> <span class='ocrx_word' id='word_1_124' title='bbox 1934 1801 2238 1857; x_wconf 90' lang='lat' dir='ltr'><strong>intonsum</strong></span> <span class='ocrx_word' id='word_1_125' title='bbox 2272 1802 2576 1875; x_wconf 86' lang='lat' dir='ltr'><strong>remansit,</strong></span> 
     </span>
     <span class='ocr_line' id='line_1_15' title="bbox 383 1896 2576 1981; baseline -0.002 -17"><span class='ocrx_word' id='word_1_126' title='bbox 383 1907 627 1964; x_wconf 86' lang='lat' dir='ltr'><strong>alterius</strong></span> <span class='ocrx_word' id='word_1_127' title='bbox 670 1902 849 1981; x_wconf 88' lang='lat' dir='ltr'><strong>paulo</strong></span> <span class='ocrx_word' id='word_1_128' title='bbox 890 1900 1026 1978; x_wconf 89' lang='lat' dir='ltr'><strong>plus</strong></span> <span class='ocrx_word' id='word_1_129' title='bbox 1055 1896 1394 1979; x_wconf 62' lang='lat' dir='ltr'><strong>*quadrante</strong></span> <span class='ocrx_word' id='word_1_130' title='bbox 1436 1911 1730 1959; x_wconf 84' lang='lat' dir='ltr'><strong>resectum</strong></span> <span class='ocrx_word' id='word_1_131' title='bbox 1771 1901 1906 1958; x_wconf 85' lang='lat' dir='ltr'><strong>fuit.</strong></span> <span class='ocrx_word' id='word_1_132' title='bbox 1991 1902 2337 1959; x_wconf 88' lang='lat' dir='ltr'><strong>membrana</strong></span> <span class='ocrx_word' id='word_1_133' title='bbox 2375 1911 2576 1960; x_wconf 89' lang='lat' dir='ltr'><strong>tener-</strong></span> 
     </span>
     <span class='ocr_line' id='line_1_16' title="bbox 378 2003 2576 2082; baseline -0.002 -15"><span class='ocrx_word' id='word_1_134' title='bbox 378 2012 533 2068; x_wconf 86' lang='lat' dir='ltr'><strong>rima</strong></span> <span class='ocrx_word' id='word_1_135' title='bbox 577 2017 703 2064; x_wconf 87' lang='lat' dir='ltr'><strong>est:</strong></span> <span class='ocrx_word' id='word_1_136' title='bbox 760 2006 1026 2076; x_wconf 81' lang='lat' dir='ltr'><strong>litterae,</strong></span> <span class='ocrx_word' id='word_1_137' title='bbox 1071 2013 1305 2081; x_wconf 88' lang='lat' dir='ltr'><strong>praeter</strong></span> <span class='ocrx_word' id='word_1_138' title='bbox 1347 2003 1841 2081; x_wconf 87' lang='lat' dir='ltr'><strong>subscriptionem</strong></span> <span class='ocrx_word' id='word_1_139' title='bbox 1883 2005 2296 2082; x_wconf 85' lang='lat' dir='ltr'><strong>praefationis,</strong></span> <span class='ocrx_word' id='word_1_140' title='bbox 2344 2025 2423 2063; x_wconf 81' lang='lat' dir='ltr'><strong>ex</strong></span> <span class='ocrx_word' id='word_1_141' title='bbox 2470 2026 2576 2063; x_wconf 88' lang='lat' dir='ltr'><strong>ea-</strong></span> 
     </span>
     <span class='ocr_line' id='line_1_17' title="bbox 378 2105 2575 2187; baseline -0 -19"><span class='ocrx_word' id='word_1_142' title='bbox 378 2130 514 2168; x_wconf 85' lang='lat' dir='ltr'><strong>rum</strong></span> <span class='ocrx_word' id='word_1_143' title='bbox 552 2127 771 2186; x_wconf 88' lang='lat' dir='ltr'><strong>genere</strong></span> <span class='ocrx_word' id='word_1_144' title='bbox 805 2116 945 2164; x_wconf 87' lang='lat' dir='ltr'><strong>sunt</strong></span> <span class='ocrx_word' id='word_1_145' title='bbox 983 2124 1132 2185; x_wconf 89' lang='lat' dir='ltr'><strong>quas</strong></span> <span class='ocrx_word' id='word_1_146' title='bbox 1172 2105 1354 2184; x_wconf 82' lang='lat' dir='ltr'><strong>vulgo</strong></span> <span class='ocrx_word' id='word_1_147' title='bbox 1394 2107 1656 2164; x_wconf 84' lang='lat' dir='ltr'><strong>unciales</strong></span> <span class='ocrx_word' id='word_1_148' title='bbox 1703 2116 1947 2180; x_wconf 77' lang='lat' dir='ltr'><strong>vocant3</strong></span> <span class='ocrx_word' id='word_1_149' title='bbox 1991 2107 2065 2165; x_wconf 91' lang='lat' dir='ltr'><strong>iis</strong></span> <span class='ocrx_word' id='word_1_150' title='bbox 2102 2108 2327 2166; x_wconf 80' lang='lat' dir='ltr'><strong>similes</strong></span> <span class='ocrx_word' id='word_1_151' title='bbox 2359 2108 2575 2187; x_wconf 87' lang='lat' dir='ltr'><strong>quibus</strong></span> 
     </span>
     <span class='ocr_line' id='line_1_18' title="bbox 380 2206 2574 2289; baseline -0.001 -19"><span class='ocrx_word' id='word_1_152' title='bbox 380 2214 513 2270; x_wconf 88' lang='lat' dir='ltr'><strong>Gaii</strong></span> <span class='ocrx_word' id='word_1_153' title='bbox 551 2210 955 2268; x_wconf 86' lang='lat' dir='ltr'><strong>institutiones</strong></span> <span class='ocrx_word' id='word_1_154' title='bbox 994 2210 1249 2286; x_wconf 86' lang='lat' dir='ltr'><strong>scriptae</strong></span> <span class='ocrx_word' id='word_1_155' title='bbox 1280 2218 1451 2282; x_wconf 88' lang='lat' dir='ltr'><strong>sunt,</strong></span> <span class='ocrx_word' id='word_1_156' title='bbox 1497 2211 1578 2265; x_wconf 84' lang='lat' dir='ltr'><strong>ita</strong></span> <span class='ocrx_word' id='word_1_157' title='bbox 1615 2206 1863 2267; x_wconf 88' lang='lat' dir='ltr'><strong>decorae</strong></span> <span class='ocrx_word' id='word_1_158' title='bbox 1893 2218 1960 2266; x_wconf 89' lang='lat' dir='ltr'><strong>ut</strong></span> <span class='ocrx_word' id='word_1_159' title='bbox 1987 2206 2141 2267; x_wconf 85' lang='lat' dir='ltr'><strong>nihil</strong></span> <span class='ocrx_word' id='word_1_160' title='bbox 2169 2213 2357 2289; x_wconf 85' lang='lat' dir='ltr'><strong>possit</strong></span> <span class='ocrx_word' id='word_1_161' title='bbox 2382 2209 2574 2268; x_wconf 81' lang='lat' dir='ltr'><strong>videri</strong></span> 
     </span>
     <span class='ocr_line' id='line_1_19' title="bbox 379 2308 2572 2391; baseline -0.001 -20"><span class='ocrx_word' id='word_1_162' title='bbox 379 2315 730 2391; x_wconf 85' lang='lat' dir='ltr'><strong>elegantius.</strong></span> <span class='ocrx_word' id='word_1_163' title='bbox 815 2312 942 2367; x_wconf 89' lang='lat' dir='ltr'><strong>iam</strong></span> <span class='ocrx_word' id='word_1_164' title='bbox 965 2329 1107 2368; x_wconf 75' lang='lat' dir='ltr'><strong>vero</strong></span> <span class='ocrx_word' id='word_1_165' title='bbox 1126 2355 1142 2383; x_wconf 89' lang='lat'><strong>,</strong></span> <span class='ocrx_word' id='word_1_166' title='bbox 1187 2319 1253 2368; x_wconf 88' lang='lat' dir='ltr'><strong>ut</strong></span> <span class='ocrx_word' id='word_1_167' title='bbox 1284 2308 1384 2368; x_wconf 84' lang='lat' dir='ltr'><strong>hic</strong></span> <span class='ocrx_word' id='word_1_168' title='bbox 1413 2309 1605 2369; x_wconf 83' lang='lat' dir='ltr'><strong>codex</strong></span> <span class='ocrx_word' id='word_1_169' title='bbox 1629 2331 1778 2368; x_wconf 84' lang='lat' dir='ltr'><strong>mox</strong></span> <span class='ocrx_word' id='word_1_170' title='bbox 1809 2321 1943 2390; x_wconf 87' lang='lat' dir='ltr'><strong>post</strong></span> <span class='ocrx_word' id='word_1_171' title='bbox 1974 2310 2201 2369; x_wconf 78' lang='lat' dir='ltr'><strong>edittun</strong></span> <span class='ocrx_word' id='word_1_172' title='bbox 2231 2314 2304 2370; x_wconf 87' lang='lat' dir='ltr'><strong>ab</strong></span> <span class='ocrx_word' id='word_1_173' title='bbox 2336 2324 2572 2371; x_wconf 89' lang='lat' dir='ltr'><strong>auctore</strong></span> 
     </span>
     <span class='ocr_line' id='line_1_20' title="bbox 381 2412 2444 2494; baseline -0 -22"><span class='ocrx_word' id='word_1_174' title='bbox 381 2417 803 2494; x_wconf 78' lang='lat' dir='ltr'><strong>panegyricum</strong></span> <span class='ocrx_word' id='word_1_175' title='bbox 830 2416 1083 2491; x_wconf 83' lang='lat' dir='ltr'><strong>scriptus</strong></span> <span class='ocrx_word' id='word_1_176' title='bbox 1114 2414 1295 2471; x_wconf 88' lang='lat' dir='ltr'><strong>fuerit</strong></span> <span class='ocrx_word' id='word_1_177' title='bbox 1313 2457 1329 2487; x_wconf 96' lang='lat'><strong>,</strong></span> <span class='ocrx_word' id='word_1_178' title='bbox 1373 2421 1577 2470; x_wconf 89' lang='lat' dir='ltr'><strong>tamen</strong></span> <span class='ocrx_word' id='word_1_179' title='bbox 1607 2432 1764 2470; x_wconf 88' lang='lat' dir='ltr'><strong>anuo</strong></span> <span class='ocrx_word' id='word_1_180' title='bbox 1796 2412 1920 2475; x_wconf 82' lang='lat'><strong>446</strong></span> <span class='ocrx_word' id='word_1_181' title='bbox 1951 2415 2240 2470; x_wconf 87' lang='lat' dir='ltr'><strong>recentior</strong></span> <span class='ocrx_word' id='word_1_182' title='bbox 2270 2414 2444 2472; x_wconf 85' lang='lat' dir='ltr'><strong>foret.</strong></span> 
     </span>
    </p>

    <p class='ocr_par' dir='ltr' id='par_1_3' title="bbox 302 2511 2794 4341">
     <span class='ocr_line' id='line_1_21' title="bbox 550 2511 2571 2593; baseline -0.001 -19"><span class='ocrx_word' id='word_1_183' title='bbox 550 2518 813 2574; x_wconf 85' lang='lat' dir='ltr'><strong>Auctoris</strong></span> <span class='ocrx_word' id='word_1_184' title='bbox 838 2536 1063 2574; x_wconf 90' lang='lat' dir='ltr'><strong>nomen</strong></span> <span class='ocrx_word' id='word_1_185' title='bbox 1081 2559 1097 2589; x_wconf 90' lang='lat'><strong>,</strong></span> <span class='ocrx_word' id='word_1_186' title='bbox 1145 2517 1197 2572; x_wconf 90' lang='lat' dir='ltr'><strong>si</strong></span> <span class='ocrx_word' id='word_1_187' title='bbox 1232 2511 1477 2593; x_wconf 88' lang='lat' dir='ltr'><strong>quidem</strong></span> <span class='ocrx_word' id='word_1_188' title='bbox 1507 2515 1681 2571; x_wconf 89' lang='lat' dir='ltr'><strong>solito</strong></span> <span class='ocrx_word' id='word_1_189' title='bbox 1708 2532 1875 2570; x_wconf 87' lang='lat' dir='ltr'><strong>more</strong></span> <span class='ocrx_word' id='word_1_190' title='bbox 1902 2515 1965 2570; x_wconf 87' lang='lat' dir='ltr'><strong>iu</strong></span> <span class='ocrx_word' id='word_1_191' title='bbox 1995 2517 2295 2592; x_wconf 85' lang='lat' dir='ltr'><strong>superiore</strong></span> <span class='ocrx_word' id='word_1_192' title='bbox 2318 2515 2571 2592; x_wconf 86' lang='lat' dir='ltr'><strong>pagina-</strong></span> 
     </span>
     <span class='ocr_line' id='line_1_22' title="bbox 385 2614 2573 2698; baseline -0.003 -19"><span class='ocrx_word' id='word_1_193' title='bbox 385 2641 523 2681; x_wconf 87' lang='lat' dir='ltr'><strong>rum</strong></span> <span class='ocrx_word' id='word_1_194' title='bbox 546 2640 644 2678; x_wconf 89' lang='lat' dir='ltr'><strong>ora</strong></span> <span class='ocrx_word' id='word_1_195' title='bbox 666 2622 1013 2698; x_wconf 87' lang='lat' dir='ltr'><strong>inscriptum</strong></span> <span class='ocrx_word' id='word_1_196' title='bbox 1038 2617 1330 2688; x_wconf 85' lang='lat' dir='ltr'><strong>exstabat,</strong></span> <span class='ocrx_word' id='word_1_197' title='bbox 1377 2618 1707 2673; x_wconf 85' lang='lat' dir='ltr'><strong>abscissum</strong></span> <span class='ocrx_word' id='word_1_198' title='bbox 1732 2618 1928 2692; x_wconf 88' lang='lat' dir='ltr'><strong>periit.</strong></span> <span class='ocrx_word' id='word_1_199' title='bbox 2017 2619 2122 2693; x_wconf 90' lang='lat' dir='ltr'><strong>qui</strong></span> <span class='ocrx_word' id='word_1_200' title='bbox 2148 2618 2199 2672; x_wconf 89' lang='lat' dir='ltr'><strong>si</strong></span> <span class='ocrx_word' id='word_1_201' title='bbox 2225 2614 2304 2672; x_wconf 92' lang='lat' dir='ltr'><strong>ad</strong></span> <span class='ocrx_word' id='word_1_202' title='bbox 2330 2634 2573 2674; x_wconf 87' lang='lat' dir='ltr'><strong>auream</strong></span> 
     </span>
     <span class='ocr_line' id='line_1_23' title="bbox 378 2715 2570 2800; baseline -0.003 -19"><span class='ocrx_word' id='word_1_203' title='bbox 378 2733 639 2783; x_wconf 88' lang='lat' dir='ltr'><strong>aetatem</strong></span> <span class='ocrx_word' id='word_1_204' title='bbox 694 2725 1047 2800; x_wconf 82' lang='lat' dir='ltr'><strong>pertineret,</strong></span> <span class='ocrx_word' id='word_1_205' title='bbox 1117 2720 1239 2776; x_wconf 77' lang='lat' dir='ltr'><strong>levi</strong></span> <span class='ocrx_word' id='word_1_206' title='bbox 1286 2719 1527 2795; x_wconf 84' lang='lat' dir='ltr'><strong>negotio</strong></span> <span class='ocrx_word' id='word_1_207' title='bbox 1571 2727 1632 2774; x_wconf 89' lang='lat' dir='ltr'><strong>et</strong></span> <span class='ocrx_word' id='word_1_208' title='bbox 1677 2717 1925 2780; x_wconf 84' lang='lat' dir='ltr'><strong>minime</strong></span> <span class='ocrx_word' id='word_1_209' title='bbox 1978 2716 2289 2775; x_wconf 85' lang='lat' dir='ltr'><strong>fallacibus</strong></span> <span class='ocrx_word' id='word_1_210' title='bbox 2335 2715 2570 2775; x_wconf 85' lang='lat' dir='ltr'><strong>indiciis</strong></span> 
     </span>
     <span class='ocr_line' id='line_1_24' title="bbox 372 2819 2568 2907; baseline -0.004 -21"><span class='ocrx_word' id='word_1_211' title='bbox 372 2835 825 2907; x_wconf 83' lang='lat' dir='ltr'><strong>agnosceretur:</strong></span> <span class='ocrx_word' id='word_1_212' title='bbox 872 2826 935 2880; x_wconf 89' lang='lat' dir='ltr'><strong>in</strong></span> <span class='ocrx_word' id='word_1_213' title='bbox 966 2822 1145 2880; x_wconf 87' lang='lat' dir='ltr'><strong>ferrei</strong></span> <span class='ocrx_word' id='word_1_214' title='bbox 1172 2823 1301 2878; x_wconf 82' lang='lat' dir='ltr'><strong>aevi</strong></span> <span class='ocrx_word' id='word_1_215' title='bbox 1324 2822 1551 2894; x_wconf 88' lang='lat' dir='ltr'><strong>limine,</strong></span> <span class='ocrx_word' id='word_1_216' title='bbox 1583 2819 2065 2899; x_wconf 87' lang='lat' dir='ltr'><strong>temporibusque</strong></span> <span class='ocrx_word' id='word_1_217' title='bbox 2096 2839 2349 2901; x_wconf 89' lang='lat' dir='ltr'><strong>quorum</strong></span> <span class='ocrx_word' id='word_1_218' title='bbox 2374 2822 2568 2878; x_wconf 87' lang='lat' dir='ltr'><strong>omnis</strong></span> 
     </span>
     <span class='ocr_line' id='line_1_25' title="bbox 368 2920 2567 2998; baseline -0.004 -8"><span class='ocrx_word' id='word_1_219' title='bbox 368 2931 700 2990; x_wconf 86' lang='lat' dir='ltr'><strong>accuratior</strong></span> <span class='ocrx_word' id='word_1_220' title='bbox 722 2928 933 2985; x_wconf 87' lang='lat' dir='ltr'><strong>notitia</strong></span> <span class='ocrx_word' id='word_1_221' title='bbox 960 2922 1289 2998; x_wconf 88' lang='lat' dir='ltr'><strong>intercidit,</strong></span> <span class='ocrx_word' id='word_1_222' title='bbox 1337 2920 1493 2980; x_wconf 83' lang='lat' dir='ltr'><strong>nihil</strong></span> <span class='ocrx_word' id='word_1_223' title='bbox 1519 2925 1662 2980; x_wconf 89' lang='lat' dir='ltr'><strong>certi</strong></span> <span class='ocrx_word' id='word_1_224' title='bbox 1685 2933 1941 2981; x_wconf 81' lang='lat' dir='ltr'><strong>statuere</strong></span> <span class='ocrx_word' id='word_1_225' title='bbox 1973 2924 2175 2980; x_wconf 87' lang='lat' dir='ltr'><strong>liceret</strong></span> <span class='ocrx_word' id='word_1_226' title='bbox 2192 2968 2207 2997; x_wconf 91' lang='lat'>‚</span> <span class='ocrx_word' id='word_1_227' title='bbox 2252 2925 2369 2981; x_wconf 88' lang='lat' dir='ltr'><strong>nisi</strong></span> <span class='ocrx_word' id='word_1_228' title='bbox 2394 2926 2567 2981; x_wconf 89' lang='lat' dir='ltr'><strong>unico</strong></span> 
     </span>
     <span class='ocr_line' id='line_1_26' title="bbox 302 3024 2566 3105; baseline -0.004 -13"><span class='ocrx_word' id='word_1_229' title='bbox 302 3035 307 3036; x_wconf 43' lang='lat'><em>⁷</em></span> <span class='ocrx_word' id='word_1_230' title='bbox 368 3037 646 3092; x_wconf 83' lang='lat' dir='ltr'><strong>fortunae</strong></span> <span class='ocrx_word' id='word_1_231' title='bbox 690 3049 942 3088; x_wconf 88' lang='lat' dir='ltr'><strong>munere</strong></span> <span class='ocrx_word' id='word_1_232' title='bbox 982 3035 1437 3086; x_wconf 84' lang='lat' dir='ltr'><strong>monumentum</strong></span> <span class='ocrx_word' id='word_1_233' title='bbox 1475 3029 1540 3083; x_wconf 91' lang='lat' dir='ltr'><strong>in</strong></span> <span class='ocrx_word' id='word_1_234' title='bbox 1575 3027 1775 3083; x_wconf 89' lang='lat' dir='ltr'><strong>lucem</strong></span> <span class='ocrx_word' id='word_1_235' title='bbox 1807 3024 2100 3105; x_wconf 84' lang='lat' dir='ltr'><strong>prodisset</strong></span> <span class='ocrx_word' id='word_1_236' title='bbox 2131 3025 2296 3105; x_wconf 91' lang='lat' dir='ltr'><strong>quod</strong></span> <span class='ocrx_word' id='word_1_237' title='bbox 2325 3046 2566 3083; x_wconf 88' lang='lat' dir='ltr'><strong>omnem</strong></span> 
     </span>
     <span class='ocr_line' id='line_1_27' title="bbox 368 3126 2564 3208; baseline -0.005 -13"><span class='ocrx_word' id='word_1_238' title='bbox 368 3136 806 3195; x_wconf 84' lang='lat' dir='ltr'><strong>dubitationem</strong></span> <span class='ocrx_word' id='word_1_239' title='bbox 833 3132 1043 3190; x_wconf 88' lang='lat' dir='ltr'><strong>tollere</strong></span> <span class='ocrx_word' id='word_1_240' title='bbox 1074 3129 1329 3189; x_wconf 76' lang='lat' dir='ltr'><strong>videtur.</strong></span> <span class='ocrx_word' id='word_1_241' title='bbox 1397 3135 1607 3207; x_wconf 68' lang='lat' dir='ltr'><strong>poetas</strong></span> <span class='ocrx_word' id='word_1_242' title='bbox 1640 3132 1744 3208; x_wconf 91' lang='lat' dir='ltr'><strong>qui</strong></span> <span class='ocrx_word' id='word_1_243' title='bbox 1774 3138 1908 3206; x_wconf 88' lang='lat' dir='ltr'><strong>post</strong></span> <span class='ocrx_word' id='word_1_244' title='bbox 1937 3126 2356 3202; x_wconf 86' lang='lat' dir='ltr'><strong>Claudianum,</strong></span> <span class='ocrx_word' id='word_1_245' title='bbox 2390 3131 2564 3188; x_wconf 65' lang='lat' dir='ltr'><strong>Aetio</strong></span> 
     </span>
     <span class='ocr_line' id='line_1_28' title="bbox 368 3229 2794 3315; baseline -0.003 -21"><span class='ocrx_word' id='word_1_246' title='bbox 368 3259 503 3298; x_wconf 87' lang='lat' dir='ltr'><strong>rem</strong></span> <span class='ocrx_word' id='word_1_247' title='bbox 542 3238 847 3315; x_wconf 89' lang='lat' dir='ltr'><strong>publicam</strong></span> <span class='ocrx_word' id='word_1_248' title='bbox 888 3244 1157 3308; x_wconf 87' lang='lat' dir='ltr'><strong>tenente,</strong></span> <span class='ocrx_word' id='word_1_249' title='bbox 1200 3235 1282 3291; x_wconf 87' lang='lat' dir='ltr'><strong>in</strong></span> <span class='ocrx_word' id='word_1_250' title='bbox 1333 3232 1650 3309; x_wconf 88' lang='lat' dir='ltr'><strong>praecipuo</strong></span> <span class='ocrx_word' id='word_1_251' title='bbox 1697 3229 1922 3289; x_wconf 90' lang='lat' dir='ltr'><strong>honore</strong></span> <span class='ocrx_word' id='word_1_252' title='bbox 1970 3232 2226 3304; x_wconf 85' lang='lat' dir='ltr'><strong>fuerint,</strong></span> <span class='ocrx_word' id='word_1_253' title='bbox 2284 3229 2563 3289; x_wconf 86' lang='lat' dir='ltr'><strong>Sidonius</strong></span> <span class='ocrx_word' id='word_1_254' title='bbox 2599 3257 2653 3309; x_wconf 86' lang='lat' dir='ltr'><strong>p.</strong></span> <span class='ocrx_word' id='word_1_255' title='bbox 2689 3237 2794 3292; x_wconf 80' lang='lat' dir='ltr'><strong>VII</strong></span> 
     </span>
     <span class='ocr_line' id='line_1_29' title="bbox 370 3327 2562 3422; baseline -0.005 -24"><span class='ocrx_word' id='word_1_256' title='bbox 370 3339 494 3422; x_wconf 87' lang='lat' dir='ltr'><strong>(ad</strong></span> <span class='ocrx_word' id='word_1_257' title='bbox 521 3340 817 3411; x_wconf 88' lang='lat' dir='ltr'><strong>Felicem,</strong></span> <span class='ocrx_word' id='word_1_258' title='bbox 864 3341 903 3401; x_wconf 84' lang='lat'><strong>9</strong></span> <span class='ocrx_word' id='word_1_259' title='bbox 941 3341 1064 3402; x_wconf 79' lang='lat'><strong>278</strong></span> <span class='ocrx_word' id='word_1_260' title='bbox 1084 3371 1160 3380; x_wconf 93' lang='lat'><strong>—</strong></span> <span class='ocrx_word' id='word_1_261' title='bbox 1179 3332 1343 3413; x_wconf 82' lang='lat'>302)</span> <span class='ocrx_word' id='word_1_262' title='bbox 1387 3344 1507 3390; x_wconf 89' lang='lat' dir='ltr'><strong>tres</strong></span> <span class='ocrx_word' id='word_1_263' title='bbox 1533 3343 1873 3407; x_wconf 80' lang='lat' dir='ltr'><strong>enumerat3</strong></span> <span class='ocrx_word' id='word_1_264' title='bbox 1921 3353 1989 3390; x_wconf 90' lang='lat' dir='ltr'><strong>ac</strong></span> <span class='ocrx_word' id='word_1_265' title='bbox 2012 3334 2152 3390; x_wconf 82' lang='lat' dir='ltr'><strong>licet</strong></span> <span class='ocrx_word' id='word_1_266' title='bbox 2176 3331 2425 3388; x_wconf 84' lang='lat' dir='ltr'><strong>minime</strong></span> <span class='ocrx_word' id='word_1_267' title='bbox 2445 3327 2562 3388; x_wconf 88' lang='lat' dir='ltr'><strong>du-</strong></span> 
     </span>
     <span class='ocr_line' id='line_1_30' title="bbox 364 3434 2562 3520; baseline -0.006 -17"><span class='ocrx_word' id='word_1_268' title='bbox 364 3447 542 3503; x_wconf 85' lang='lat' dir='ltr'><strong>bimn</strong></span> <span class='ocrx_word' id='word_1_269' title='bbox 574 3445 647 3500; x_wconf 86' lang='lat' dir='ltr'><strong>sit</strong></span> <span class='ocrx_word' id='word_1_270' title='bbox 673 3443 854 3520; x_wconf 84' lang='lat' dir='ltr'><strong>longe</strong></span> <span class='ocrx_word' id='word_1_271' title='bbox 877 3442 1078 3520; x_wconf 89' lang='lat' dir='ltr'><strong>plures</strong></span> <span class='ocrx_word' id='word_1_272' title='bbox 1106 3436 1317 3497; x_wconf 88' lang='lat' dir='ltr'><strong>eodem</strong></span> <span class='ocrx_word' id='word_1_273' title='bbox 1345 3456 1492 3494; x_wconf 76' lang='lat' dir='ltr'><strong>aevo</strong></span> <span class='ocrx_word' id='word_1_274' title='bbox 1520 3456 1585 3493; x_wconf 90' lang='lat' dir='ltr'><strong>se</strong></span> <span class='ocrx_word' id='word_1_275' title='bbox 1613 3437 1970 3494; x_wconf 87' lang='lat' dir='ltr'><strong>carminibus</strong></span> <span class='ocrx_word' id='word_1_276' title='bbox 2004 3435 2355 3506; x_wconf 81' lang='lat' dir='ltr'><strong>delectasse,</strong></span> <span class='ocrx_word' id='word_1_277' title='bbox 2400 3434 2562 3490; x_wconf 88' lang='lat' dir='ltr'><strong>iniu-</strong></span> 
     </span>
     <span class='ocr_line' id='line_1_31' title="bbox 372 3533 2563 3615; baseline -0.006 -11"><span class='ocrx_word' id='word_1_278' title='bbox 372 3549 530 3604; x_wconf 83' lang='lat' dir='ltr'><strong>riam</strong></span> <span class='ocrx_word' id='word_1_279' title='bbox 565 3555 765 3601; x_wconf 88' lang='lat' dir='ltr'><strong>tamen</strong></span> <span class='ocrx_word' id='word_1_280' title='bbox 808 3545 1029 3602; x_wconf 85' lang='lat' dir='ltr'><strong>faceret</strong></span> <span class='ocrx_word' id='word_1_281' title='bbox 1054 3545 1319 3602; x_wconf 78' lang='lat' dir='ltr'><strong>Arverno</strong></span> <span class='ocrx_word' id='word_1_282' title='bbox 1340 3586 1357 3615; x_wconf 90' lang='lat'><strong>,</strong></span> <span class='ocrx_word' id='word_1_283' title='bbox 1403 3537 1632 3597; x_wconf 83' lang='lat' dir='ltr'><strong>erudito</strong></span> <span class='ocrx_word' id='word_1_284' title='bbox 1669 3558 1811 3596; x_wconf 88' lang='lat' dir='ltr'><strong>sane</strong></span> <span class='ocrx_word' id='word_1_285' title='bbox 1844 3541 1970 3595; x_wconf 70' lang='lat' dir='ltr'><strong>viro</strong></span> <span class='ocrx_word' id='word_1_286' title='bbox 1991 3583 2006 3611; x_wconf 88' lang='lat'><strong>,</strong></span> <span class='ocrx_word' id='word_1_287' title='bbox 2052 3541 2103 3595; x_wconf 87' lang='lat' dir='ltr'><strong>si</strong></span> <span class='ocrx_word' id='word_1_288' title='bbox 2139 3538 2271 3615; x_wconf 88' lang='lat' dir='ltr'><strong>quis</strong></span> <span class='ocrx_word' id='word_1_289' title='bbox 2300 3533 2563 3592; x_wconf 89' lang='lat' dir='ltr'><strong>crederet</strong></span> 
     </span>
     <span class='ocr_line' id='line_1_32' title="bbox 372 3623 2561 3726; baseline -0.007 -19"><span class='ocrx_word' id='word_1_290' title='bbox 372 3645 671 3707; x_wconf 85' lang='lat' dir='ltr'><strong>eiusmodi</strong></span> <span class='ocrx_word' id='word_1_291' title='bbox 696 3653 969 3726; x_wconf 66' lang='lat' dir='ltr'><strong>poemata</strong></span> <span class='ocrx_word' id='word_1_292' title='bbox 988 3692 1004 3720; x_wconf 89' lang='lat'><strong>,</strong></span> <span class='ocrx_word' id='word_1_293' title='bbox 1049 3645 1246 3725; x_wconf 86' lang='lat' dir='ltr'><strong>qualia</strong></span> <span class='ocrx_word' id='word_1_294' title='bbox 1275 3653 1411 3701; x_wconf 87' lang='lat' dir='ltr'><strong>sunt</strong></span> <span class='ocrx_word' id='word_1_295' title='bbox 1439 3660 1695 3721; x_wconf 89' lang='lat' dir='ltr'><strong>quorum</strong></span> <span class='ocrx_word' id='word_1_296' title='bbox 1720 3641 1996 3719; x_wconf 86' lang='lat' dir='ltr'><strong>reliquias</strong></span> <span class='ocrx_word' id='word_1_297' title='bbox 2027 3623 2126 3695; x_wconf 87' lang='lat' dir='ltr'><strong>hic</strong></span> <span class='ocrx_word' id='word_1_298' title='bbox 2154 3638 2464 3713; x_wconf 80' lang='lat' dir='ltr'><strong>legimus,&#39;</strong></span> <span class='ocrx_word' id='word_1_299' title='bbox 2487 3636 2561 3693; x_wconf 91' lang='lat' dir='ltr'><strong>ab</strong></span> 
     </span>
     <span class='ocr_line' id='line_1_33' title="bbox 360 3737 2562 3829; baseline -0.006 -19"><span class='ocrx_word' id='word_1_300' title='bbox 360 3753 477 3810; x_wconf 89' lang='lat' dir='ltr'><strong>illo</strong></span> <span class='ocrx_word' id='word_1_301' title='bbox 522 3752 720 3808; x_wconf 89' lang='lat' dir='ltr'><strong>nescio</strong></span> <span class='ocrx_word' id='word_1_302' title='bbox 760 3751 974 3829; x_wconf 86' lang='lat' dir='ltr'><strong>quibus</strong></span> <span class='ocrx_word' id='word_1_303' title='bbox 1014 3749 1146 3805; x_wconf 87' lang='lat' dir='ltr'><strong>aliis</strong></span> <span class='ocrx_word' id='word_1_304' title='bbox 1175 3743 1510 3824; x_wconf 87' lang='lat' dir='ltr'><strong>posthabita</strong></span> <span class='ocrx_word' id='word_1_305' title='bbox 1544 3763 1695 3800; x_wconf 86' lang='lat' dir='ltr'><strong>esse.</strong></span> <span class='ocrx_word' id='word_1_306' title='bbox 1782 3740 1929 3800; x_wconf 88' lang='lat' dir='ltr'><strong>dum</strong></span> <span class='ocrx_word' id='word_1_307' title='bbox 1962 3760 2102 3799; x_wconf 82' lang='lat' dir='ltr'><strong>vero</strong></span> <span class='ocrx_word' id='word_1_308' title='bbox 2125 3741 2280 3798; x_wconf 89' lang='lat' dir='ltr'><strong>inter</strong></span> <span class='ocrx_word' id='word_1_309' title='bbox 2307 3737 2417 3797; x_wconf 91' lang='lat' dir='ltr'><strong>hos</strong></span> <span class='ocrx_word' id='word_1_310' title='bbox 2448 3759 2562 3797; x_wconf 90' lang='lat' dir='ltr'><strong>no-</strong></span> 
     </span>
     <span class='ocr_line' id='line_1_34' title="bbox 359 3840 2558 3927; baseline -0.007 -15"><span class='ocrx_word' id='word_1_311' title='bbox 359 3864 631 3912; x_wconf 84' lang='lat' dir='ltr'><strong>strorum</strong></span> <span class='ocrx_word' id='word_1_312' title='bbox 670 3854 999 3909; x_wconf 87' lang='lat' dir='ltr'><strong>carminum</strong></span> <span class='ocrx_word' id='word_1_313' title='bbox 1043 3860 1343 3908; x_wconf 87' lang='lat' dir='ltr'><strong>auctorem</strong></span> <span class='ocrx_word' id='word_1_314' title='bbox 1390 3849 1731 3927; x_wconf 86' lang='lat' dir='ltr'><strong>quaerimus</strong></span> <span class='ocrx_word' id='word_1_315' title='bbox 1750 3888 1765 3918; x_wconf 91' lang='lat'><strong>,</strong></span> <span class='ocrx_word' id='word_1_316' title='bbox 1812 3840 2222 3901; x_wconf 66' lang='lat' dir='ltr'><strong>excludendus</strong></span> <span class='ocrx_word' id='word_1_317' title='bbox 2255 3852 2343 3901; x_wconf 89' lang='lat' dir='ltr'><strong>est</strong></span> <span class='ocrx_word' id='word_1_318' title='bbox 2370 3843 2558 3899; x_wconf 88' lang='lat' dir='ltr'><strong>Boni-</strong></span> 
     </span>
     <span class='ocr_line' id='line_1_35' title="bbox 362 3944 2559 4030; baseline -0.005 -18"><span class='ocrx_word' id='word_1_319' title='bbox 362 3957 509 4012; x_wconf 81' lang='lat' dir='ltr'><strong>facii</strong></span> <span class='ocrx_word' id='word_1_320' title='bbox 537 3956 723 4011; x_wconf 85' lang='lat' dir='ltr'><strong>cliens</strong></span> <span class='ocrx_word' id='word_1_321' title='bbox 752 3956 1123 4012; x_wconf 84' lang='lat' dir='ltr'><strong>Gallicanus:</strong></span> <span class='ocrx_word' id='word_1_322' title='bbox 1167 3954 1323 4008; x_wconf 89' lang='lat' dir='ltr'><strong>inter</strong></span> <span class='ocrx_word' id='word_1_323' title='bbox 1354 3948 1501 4008; x_wconf 90' lang='lat' dir='ltr'><strong>duos</strong></span> <span class='ocrx_word' id='word_1_324' title='bbox 1530 3951 1634 4030; x_wconf 89' lang='lat' dir='ltr'><strong>qui</strong></span> <span class='ocrx_word' id='word_1_325' title='bbox 1657 3957 1909 4022; x_wconf 87' lang='lat' dir='ltr'><strong>restant,</strong></span> <span class='ocrx_word' id='word_1_326' title='bbox 1954 3947 2338 4019; x_wconf 83' lang='lat' dir='ltr'><strong>Quintianum</strong></span> <span class='ocrx_word' id='word_1_327' title='bbox 2363 3955 2421 4003; x_wconf 89' lang='lat' dir='ltr'><strong>et</strong></span> <span class='ocrx_word' id='word_1_328' title='bbox 2447 3944 2559 4001; x_wconf 80' lang='lat' dir='ltr'><strong>Hi-</strong></span> 
     </span>
     <span class='ocr_line' id='line_1_36' title="bbox 368 4047 2556 4136; baseline -0.006 -22"><span class='ocrx_word' id='word_1_329' title='bbox 368 4076 625 4135; x_wconf 82' lang='lat' dir='ltr'><strong>spanum</strong></span> <span class='ocrx_word' id='word_1_330' title='bbox 671 4056 846 4114; x_wconf 84' lang='lat' dir='ltr'><strong>illum</strong></span> <span class='ocrx_word' id='word_1_331' title='bbox 890 4075 1072 4136; x_wconf 91' lang='lat' dir='ltr'><strong>quem</strong></span> <span class='ocrx_word' id='word_1_332' title='bbox 1116 4052 1467 4113; x_wconf 86' lang='lat' dir='ltr'><strong>Sirmondus</strong></span> <span class='ocrx_word' id='word_1_333' title='bbox 1500 4049 1929 4110; x_wconf 84' lang='lat' dir='ltr'><strong>Merobaudem</strong></span> <span class='ocrx_word' id='word_1_334' title='bbox 1959 4069 2087 4106; x_wconf 87' lang='lat' dir='ltr'><strong>esse</strong></span> <span class='ocrx_word' id='word_1_335' title='bbox 2119 4058 2286 4105; x_wconf 88' lang='lat' dir='ltr'><strong>acute</strong></span> <span class='ocrx_word' id='word_1_336' title='bbox 2316 4047 2556 4104; x_wconf 88' lang='lat' dir='ltr'><strong>intelle-</strong></span> 
     </span>
     <span class='ocr_line' id='line_1_37' title="bbox 366 4151 2556 4231; baseline -0.006 -16"><span class='ocrx_word' id='word_1_337' title='bbox 366 4161 487 4231; x_wconf 81' lang='lat' dir='ltr'><strong>xit,</strong></span> <span class='ocrx_word' id='word_1_338' title='bbox 562 4160 774 4215; x_wconf 88' lang='lat' dir='ltr'><strong>incerti</strong></span> <span class='ocrx_word' id='word_1_339' title='bbox 823 4158 1286 4230; x_wconf 85' lang='lat' dir='ltr'><strong>haesitaremus,</strong></span> <span class='ocrx_word' id='word_1_340' title='bbox 1351 4158 1469 4214; x_wconf 85' lang='lat' dir='ltr'><strong>nisi</strong></span> <span class='ocrx_word' id='word_1_341' title='bbox 1517 4151 1682 4212; x_wconf 90' lang='lat' dir='ltr'><strong>aliud</strong></span> <span class='ocrx_word' id='word_1_342' title='bbox 1733 4161 2149 4231; x_wconf 85' lang='lat' dir='ltr'><strong>argumentum</strong></span> <span class='ocrx_word' id='word_1_343' title='bbox 2193 4151 2556 4207; x_wconf 85' lang='lat' dir='ltr'><strong>accessisset.</strong></span> 
     </span>
     <span class='ocr_line' id='line_1_38' title="bbox 360 4250 2556 4341; baseline -0.007 -24"><span class='ocrx_word' id='word_1_344' title='bbox 360 4280 507 4318; x_wconf 86' lang='lat' dir='ltr'><strong>nam</strong></span> <span class='ocrx_word' id='word_1_345' title='bbox 546 4262 650 4318; x_wconf 90' lang='lat' dir='ltr'><strong>ille</strong></span> <span class='ocrx_word' id='word_1_346' title='bbox 698 4260 946 4341; x_wconf 87' lang='lat' dir='ltr'><strong>quidem</strong></span> <span class='ocrx_word' id='word_1_347' title='bbox 990 4263 1148 4319; x_wconf 75' lang='lat' dir='ltr'><strong>Aetii</strong></span> <span class='ocrx_word' id='word_1_348' title='bbox 1192 4258 1399 4317; x_wconf 90' lang='lat' dir='ltr'><strong>laudes</strong></span> <span class='ocrx_word' id='word_1_349' title='bbox 1437 4260 1750 4330; x_wconf 86' lang='lat' dir='ltr'><strong>cecinisse,</strong></span> <span class='ocrx_word' id='word_1_350' title='bbox 1795 4253 1895 4313; x_wconf 88' lang='lat' dir='ltr'><strong>hic</strong></span> <span class='ocrx_word' id='word_1_351' title='bbox 1928 4263 2155 4311; x_wconf 88' lang='lat' dir='ltr'><strong>statuae</strong></span> <span class='ocrx_word' id='word_1_352' title='bbox 2186 4250 2413 4309; x_wconf 85' lang='lat' dir='ltr'><strong>honore</strong></span> <span class='ocrx_word' id='word_1_353' title='bbox 2447 4265 2556 4303; x_wconf 88' lang='lat' dir='ltr'><strong>au-</strong></span> 
     </span>
    </p>
   </div>
   <div class='ocr_carea' id='block_1_3' title="bbox 351 4359 2563 4445">
    <p class='ocr_par' dir='ltr' id='par_1_4' title="bbox 351 4359 2563 4445">
     <span class='ocr_line' id='line_1_39' title="bbox 351 4359 2563 4445; baseline -0.007 -23"><span class='ocrx_word' id='word_1_354' title='bbox 351 4374 494 4422; x_wconf 82' lang='lat' dir='ltr'><strong>ctus</strong></span> <span class='ocrx_word' id='word_1_355' title='bbox 531 4384 658 4423; x_wconf 82' lang='lat' dir='ltr'><strong>esse</strong></span> <span class='ocrx_word' id='word_1_356' title='bbox 688 4362 944 4440; x_wconf 80' lang='lat' dir='ltr'><strong>dicitur3</strong></span> <span class='ocrx_word' id='word_1_357' title='bbox 986 4363 1051 4423; x_wconf 83' lang='lat' dir='ltr'><strong>id</strong></span> <span class='ocrx_word' id='word_1_358' title='bbox 1089 4362 1249 4445; x_wconf 81' lang='lat' dir='ltr'><strong>quod</strong></span> <span class='ocrx_word' id='word_1_359' title='bbox 1282 4373 1597 4441; x_wconf 87' lang='lat' dir='ltr'><strong>utrumque</strong></span> <span class='ocrx_word' id='word_1_360' title='bbox 1623 4362 1687 4417; x_wconf 91' lang='lat' dir='ltr'><strong>in</strong></span> <span class='ocrx_word' id='word_1_361' title='bbox 1712 4359 2058 4438; x_wconf 83' lang='lat' dir='ltr'><strong>panegyrici</strong></span> <span class='ocrx_word' id='word_1_362' title='bbox 2087 4363 2388 4413; x_wconf 83' lang='lat' dir='ltr'><strong>auctorem</strong></span> <span class='ocrx_word' id='word_1_363' title='bbox 2417 4369 2563 4407; x_wconf 88' lang='lat' dir='ltr'><strong>con-</strong></span> 
     </span>
    </p>
   </div>
  </div>
 </body>
</html>
