3210 5200
1048 332 1161 397 DE
1211 332 1734 401 MEROBAUDE
1782 334 2063 401 PRAEF.
2557 357 2654 405 vu

445 509 729 563 renatum
774 517 909 557 esse
954 494 1130 574 dicit,
1188 495 1477 558 maiorem
1516 497 1809 561 honorem
1845 503 1902 559 ei
1941 501 2224 580 obtigisse
2269 500 2434 561 haud
2472 501 2649 563 dubie

446 614 664 682 negat:
735 598 1001 661 hederae
1058 609 1261 659 autem
1315 621 1592 662 coronam
1638 601 1944 662 doctarum
1987 605 2271 663 frontium
2316 608 2648 682 praemium

450 708 650 764 minus
685 702 919 761 illustre
967 702 1153 759 fuisse
1200 720 1287 759 ex
1320 703 1517 763 allatis
1559 707 1959 783 iiisoriptionis
2001 707 2196 765 verbis
2227 716 2420 785 patet3
2466 728 2644 787 quem

453 827 684 868 morem
715 801 1188 864 coronandorum
1220 809 1531 881 poetarum
1561 826 1700 864 cum
1723 808 1895 886 poiisi
1917 810 2046 886 ipsa
2067 854 2085 883 ,
2131 812 2226 867 cui
2266 830 2500 887 semper
2529 811 2643 867 ali-

459 914 592 991 quis
634 908 819 967 honos
863 908 1121 980 mansit,
1183 907 1365 964 etiam
1403 906 1686 982 rudibus,
1746 928 1899 990 quae
1938 922 2140 969 secuta
2182 921 2351 987 sunt,
2395 914 2644 973 saeculis

462 1009 804 1089 perdurasse
843 1010 1112 1067 arbitror.
1200 1005 1455 1089 denique
1500 1021 1729 1070 statuae
1771 1010 2060 1071 honorem
2101 1017 2411 1093 perpaucis
2455 1018 2643 1094 poetis

452 1112 855 1171 oratoribusve
882 1112 1175 1173 tributum
1207 1130 1335 1169 esse
1365 1113 1463 1170 vel
1493 1112 1634 1171 iude
1667 1114 2001 1192 colligimus
2024 1161 2039 1190 ,
2083 1115 2246 1201 quod
2274 1127 2332 1175 et
2361 1115 2641 1176 Sidonius

455 1225 515 1272 et
541 1213 801 1289 Idatius,
845 1216 910 1272 in
942 1213 1293 1272 brevissima
1324 1215 1706 1275 Merobaudis
1735 1220 2035 1277 mentione
2055 1262 2072 1293 ,
2119 1217 2193 1276 de
2226 1240 2295 1278 eo
2324 1221 2641 1299 praecipue

452 1318 633 1381 verba
656 1318 951 1377 fecerunt.

616 1424 827 1500 Itaque
884 1417 960 1478 de
1010 1419 1369 1497 panegyrico
1410 1416 1654 1499 quidem
1690 1417 2038 1479 Merobaudi
2080 1418 2468 1492 vindicando,
2524 1420 2643 1480 nisi

449 1526 587 1603 quis
631 1525 879 1583 omnino
922 1525 1276 1581 coniecturas
1319 1522 1391 1579 ab
1437 1518 1531 1578 his
1572 1519 1784 1582 studiis
1825 1523 2027 1601 pellit,
2073 1541 2224 1602 quae
2270 1523 2396 1579 sine
2439 1538 2644 1579 earum
2677 1536 2731 1588 p·
2763 1518 2842 1573 lx

456 1647 574 1705 ope
620 1644 800 1703 saepe
838 1621 1109 1702 progredi
1146 1634 1480 1706 nequeunt,
1523 1626 1632 1683 rix
1678 1643 2038 1707 quemquam
2078 1622 2485 1681 dubitaturum
2514 1639 2643 1680 esse

457 1730 738 1801 arbitror3
782 1746 897 1806 quo
927 1744 1201 1785 concesso
1220 1770 1237 1801 ,
1285 1725 1359 1784 de
1391 1747 1459 1786 eo
1488 1737 1693 1785 tamen
1725 1728 2120 1788 controversia
2146 1725 2376 1785 moveri
2403 1726 2635 1802 poterit,

446 1833 646 1889 sintne
671 1828 753 1888 ad
779 1826 1040 1887 eundem
1065 1839 1365 1887 auctorem
1393 1828 1702 1889 referenda
1728 1830 1958 1887 minora
1989 1831 2248 1888 carmina
2281 1847 2433 1908 quae
2462 1846 2641 1904 prae-

445 1931 688 1990 cedunt.
771 1951 984 1990 venun
1025 1941 1095 1989 ut
1136 1930 1206 1989 id
1253 1932 1617 1992 affirmemus
1661 1944 1720 1991 et
1764 1935 1894 2011 ipsa
1943 1933 2300 2010 paginarum
2346 1932 2636 1989 connexio

442 2032 695 2106 suadet,
762 2042 820 2091 et
847 2032 1048 2114 quod’
1030 2055 1095 2092 in
1120 2040 1480 2115 panegyrico
1526 2034 1816 2116 (tr-130)
1863 2044 1920 2093 et
1947 2037 2012 2093 in
2037 2032 2078 2097 4
2108 2036 2367 2095 carmine
2403 2034 2497 2113 (v.
2518 2030 2637 2111 46)

443 2140 688 2199 Aetium
727 2156 985 2214 puerum
1016 2137 1232 2195 numdi
1247 2141 1516 2215 pretium
1548 2140 1734 2197 fuisse
1765 2141 1882 2196 ait:
1926 2148 2057 2196 tum
2084 2157 2315 2210 sermo,
2360 2154 2547 2214 quum
2579 2155 2636 2192 v.

440 2261 533 2320 gr.
563 2259 710 2298 voce
724 2240 1080 2317 primaevus
1104 2243 1188 2299 ita
1219 2238 1543 2300 delectetur
1565 2247 1774 2320 poeta,
1818 2250 1885 2298 ut
1918 2239 1983 2297 id
2009 2242 2074 2298 in
2105 2237 2200 2298 his
2231 2240 2433 2315 paucis
2462 2239 2637 2314 pagia-

448 2345 543 2401 nis
568 2352 659 2399 ter
683 2352 969 2401 occurrat.
1053 2362 1177 2402 non
1200 2352 1405 2402 tamen
1430 2363 1558 2401 rem
1582 2341 1970 2403 dissimulabo
1999 2360 2153 2421 quae
2189 2358 2487 2397 summam
2513 2336 2636 2395 dif-

454 2443 767 2501 ficultatem
789 2441 1011 2502 habere
1040 2443 1346 2503 videatur.
1392 2447 1646 2519 etenim,
1686 2447 1788 2523 qui
1819 2447 1883 2501 in
1910 2444 2269 2521 panegyrico
2298 2458 2494 2497 mores
2525 2458 2634 2495 an-

453 2547 647 2625 tiquos
667 2546 1004 2627 priscasque
1031 2548 1279 2606 virmtes
1301 2548 1486 2607 simul
1513 2566 1651 2604 cum
1678 2549 1883 2624 patriis
1913 2548 2095 2608 sacris
2121 2540 2489 2602 intercidisse
2519 2562 2582 2597 οι
2581 2562 2634 2597 1-

446 2651 739 2722 minetur,
781 2658 1052 2727 potestne
1094 2650 1250 2706 inter
1290 2645 1657 2705 Christianos
1700 2646 1971 2707 censeri?
2013 2647 2363 2728 praesertim
2391 2647 2494 2726 qui
2521 2641 2635 2701 hoo

438 2753 643 2830 ipsum
664 2754 914 2829 paganis
940 2750 1435 2828 exprobrantibus
1461 2770 1672 2832 verum
1700 2771 1828 2812 esse
1857 2772 2078 2830 negare
2107 2749 2396 2809 solebant.
2487 2767 2632 2804 con-

438 2865 532 2912 tra
578 2864 778 2912 autem
805 2856 872 2911 in
902 2850 1275 2931 genethliaco
1295 2897 1312 2926 ,
1353 2872 1550 2933 neque
1580 2828 1783 2912 minus
1809 2857 1872 2914 in
1905 2857 2088 2933 elegis
2122 2852 2194 2911 de
2229 2852 2482 2910 triclinio
2511 2852 2631 2908 Va·-

441 2957 754 3014 lentiniani
792 2957 1166 3032 imperatoris
1185 2999 1202 3030 ,
1252 2952 1328 3011 de
1369 2955 1727 3034 baptismate
1758 2977 1828 3015 ea
1855 2959 2134 3040 leguntur
2164 2974 2315 3035 quae
2343 2952 2631 3012 Christia-

434 3078 586 3116 num
630 3068 934 3115 auctorem
959 3055 1210 3135 prodere
1234 3055 1567 3116 videantur.
1657 3079 1768 3136 ego
1803 3080 1943 3120 vero
1972 3069 2144 3122 antea
2169 3077 2248 3120 ex
2278 3055 2373 3115 his
2400 3057 2628 3137 laqueis

439 3164 527 3220 ita
572 3179 672 3217 me
733 3157 1130 3238 expediebam
1181 3169 1248 3222 ut
1296 3161 1583 3238 gentilem
1625 3161 1810 3220 fuisse
1855 3145 2095 3241 poetam
2136 3178 2458 3220 censerem.
2546 3158 2629 3214 sic

440 3265 607 3320 enim
655 3262 1144 3340 argumentabar‚
1208 3259 1475 3326 ethnicos
1494 3305 1510 3337 ,
1565 3263 1752 3321 fracta
1806 3266 1993 3326 semel
2038 3265 2280 3342 antiqua
2319 3260 2623 3335 religione,

440 3367 703 3442 potuisse
763 3365 892 3422 sine
942 3365 1237 3442 sacrilegii
1278 3363 1738 3445 reprehensione
1781 3361 2252 3426 Christianorum
2290 3381 2628 3421 sermonem

444 3469 756 3542 simulare3
806 3465 986 3548 idque
1030 3487 1132 3525 eos
1163 3468 1375 3526 fecisse
1406 3471 1680 3547 Procopii
1709 3468 1985 3544 exemplo
2015 3469 2078 3524 iu
2105 3467 2324 3524 libellis
2358 3464 2431 3522 de
2457 3462 2626 3521 aedi-

448 3569 596 3628 ficiis
630 3571 973 3650 probabam.
1061 3580 1237 3649 atque
1273 3570 1352 3628 ad
1393 3568 1550 3630 hanc
1586 3588 1891 3629 sacrorum
1936 3569 2378 3642 confusionem,
2425 3585 2625 3647 quam,

437 3692 525 3736 ex
566 3691 682 3753 quo
728 3672 1046 3738 Christiani
1092 3671 1581 3748 dominabantur,
1638 3670 1929 3730 calliditas
1974 3668 2294 3743 suadebat,
2340 3669 2625 3747 supersti-

424 3777 671 3838 nonem
698 3778 1085 3854 praecessisse
1114 3774 1470 3851 indicabam,
1508 3796 1695 3857 quum
1721 3778 1845 3834 iam
1871 3770 2013 3831 inde
2038 3793 2074 3830 a
2099 3774 2402 3852 principiis
2430 3772 2622 3834 eccle-

432 3879 564 3936 siae
604 3880 858 3957 gentiles
892 3875 1231 3940 Christiana
1271 3897 1436 3937 sacra
1483 3880 1654 3959 quasi
1677 3880 1866 3938 Isiaca
1896 3887 1998 3934 aut
2024 3873 2334 3933 Mithriaca
2373 3883 2622 3954 expete-

434 3990 606 4054 rent,
660 4000 729 4044 ac
768 3983 1086 4060 praecipue
1127 3981 1427 4058 ‚baptisma
1467 3982 1701 4061 oleique
1738 3981 1888 4038 sacri
1918 3980 1980 4035 in
2011 3977 2233 4037 morbis
2261 3981 2621 4043 unctionem.

436 4081 699 4165 denique
721 4083 1025 4146 attendere
1046 4083 1326 4146 iubebam
1351 4103 1531 4164 quam
1552 4103 1767 4162 parum
1790 4079 2117 4143 orthodoxe
2148 4079 2304 4139 dicta
2326 4082 2444 4138 sint
2470 4096 2622 4157 quae

438 4185 511 4246 de
550 4189 943 4267 baptismate,
1000 4206 1144 4247 sane
1182 4207 1303 4245 non
1343 4186 1565 4266 absque
1614 4187 1714 4264 pia
1759 4183 2018 4266 quadam
2061 4184 2384 4261 elegantia,
2431 4181 2621 4237 canit:

431 4310 578 4348 nam
621 4293 727 4370 qui
773 4287 856 4371 (4
897 4287 1022 4370 26)
1063 4290 1240 4352 deum
1255 4333 1282 4363 ,
1324 4310 1555 4350 arcana
1596 4288 1848 4352 laticum
1894 4297 2195 4367 receptum
2238 4279 2447 4353 unda,
2506 4281 2628 4338 eri-
