3210 5200
1242 365 1724 436 PRAEFATIO.
2339 398 2567 447 xxxvu

376 532 574 613 quitus
608 524 770 609 apud
798 526 1027 606 templa
1056 528 1245 588 fuisse
1268 530 1658 596 bibliothecas
1684 546 1894 595 notum
1924 548 2047 613 est3
2093 540 2302 620 etipse
2330 546 2558 604 More}-

369 637 489 694 lius
528 637 588 691 in
627 653 808 712 opere
847 631 1136 708 inscripto
1179 632 1365 692 Della
1384 636 1682 715 publ-lica
1710 624 1950 696 libret-*ia
1981 640 2049 698 di
2084 628 2213 700 San
2244 646 2460 704 Marco
2489 651 2556 706 in

385 739 453 795 V
440 739 635 799 enezia
672 732 1093 793 diisset-tambac
1136 737 1351 793 storia-a
1387 759 1438 796 c.
1471 741 1504 801 1
1535 759 1597 796 n.
1625 740 1664 804 4
1692 761 1753 818 p.
1781 745 1820 804 6
1855 752 2056 801 narrat
2099 762 2287 823 usque
2331 746 2405 804 ad
2442 768 2552 806 an·-

368 861 522 897 num
555 844 707 904 1737
746 840 813 894 in
853 831 1113 917 quadam
1144 838 1296 895 cella
1329 858 1506 917 supra
1550 840 1714 898 idem
1747 842 2042 919 templum
2074 841 2199 902 divi
2225 848 2411 905 Marci
2444 849 2553 908 ad-
2663 900 2664 909 ,

372 954 640 1000 servatos
680 941 861 997 fuisse
896 938 1116 1011 libros,
1164 959 1311 1018 quos
1338 939 1671 999 .Petrarcha
1711 944 2073 1021 reipublicae
2107 946 2368 1007 Venetae
2397 948 2553 1010 dono

375 1042 640 1117 dederat,
670 1051 734 1100 ut
758 1042 994 1096 initium
1022 1038 1326 1119 quoddam
1352 1041 1750 1102 bibliothecae
1779 1042 2006 1102 ibidem
2031 1058 2312 1107 exstaret.
2375 1072 2555 1129 prae-

374 1157 535 1203 terea
573 1140 768 1200 adhuc
807 1144 1046 1201 saeculo
1077 1146 1151 1207 16
1184 1142 1586 1203 ¹bibliothecas
1630 1147 1695 1203 in
1740 1149 1980 1226 templis
2010 1150 2222 1207 saltem
2258 1152 2458 1231 aliquo
2488 1157 2550 1213 in

368 1247 505 1303 loco
541 1247 754 1319 fuisse,
798 1243 953 1301 mihi
998 1243 1235 1303 videtur
1273 1248 1475 1325 colligi
1521 1266 1697 1325 posse
1742 1269 1823 1307 ex
1862 1252 1936 1308 iis
1968 1270 2120 1330 quae
2149 1253 2550 1333 Hieronymus

370 1348 776 1405 Garimbertus
825 1348 1057 1426 scripsit
1101 1348 1165 1404 in
1210 1347 1362 1405 libro
1404 1350 1500 1406 cui
1544 1351 1753 1408 titulus
1806 1351 1924 1408 De’
1969 1354 2323 1431 regg-intenti
2364 1356 2437 1414 cle
2485 1358 2550 1415 la

367 1447 551 1520 citici,
593 1452 885 1526 impresso
928 1451 1193 1509 VenetiIs
1233 1469 1388 1507 anno
1437 1448 1619 1512 1544.
1705 1452 1862 1510 libro¹
1894 1455 2056 1510 enim
2088 1464 2297 1533 quarto
2327 1458 2412 1514 fo.
2444 1457 2546 1533 59,

361 1553 471 1609 ubi
502 1550 576 1608 de
606 1551 836 1627 templo
868 1559 931 1605 et
960 1552 1338 1628 peculiariter
1367 1547 1441 1607 de
1473 1550 1721 1610 ecclesia
1755 1550 2080 1611 cathedrali
2108 1557 2263 1632 agit,
2310 1559 2396 1615 sic
2429 1561 2544 1618 ait:

367 1653 598 1713 Inoltre
637 1651 748 1708 che
788 1653 853 1708 in
892 1671 1008 1708 esso
1049 1655 1075 1708 i
1103 1648 1225 1730 pila
1267 1651 1515 1708 litterati
1540 1673 1570 1709 e
1600 1654 1774 1712 vechi
1808 1654 2135 1727 sacerdoti,
2179 1658 2444 1736 dipacati
2480 1663 2551 1719 al

368 1756 532 1813 culto
578 1755 779 1812 divim
792 1796 818 1825 ,
873 1752 1169 1811 habbiano
1209 1755 1273 1812 la
1314 1775 1460 1811 cura
1508 1754 1582 1811 de
1625 1755 1690 1812 la
1724 1754 1974 1814 libraria
2001 1777 2031 1813 e
2058 1756 2159 1814 del
2182 1762 2377 1819 studio
2391 1805 2418 1833 ,
2458 1763 2547 1820 le-
2639 1766 2651 1779 “

357 1858 558 1938 gendo
568 1854 1016 1935 public-amente
1036 1876 1078 1911 a
1104 1858 1130 1911 ι’
1144 1858 1398 1934 giovam'
1409 1900 1434 1927 ,
1477 1854 1598 1913 οοεὶ
1623 1857 1695 1915 de
1722 1857 1778 1914 le
1802 1856 1968 1915 sacre
1992 1857 2223 1935 lettere,
2267 1885 2427 1922 come
2448 1864 2549 1923 del

358 1960 531 2018 modo
569 1959 623 2015 c’
654 1958 858 2016 hanno
888 1977 930 2013 a
958 1968 1148 2015 tenere
1174 1961 1334 2016 eirca
1364 1958 1419 2015 le
1452 1957 1642 2016 debite
1670 1963 1998 2020 cerimonic.

524 2061 850 2140 Reliquum
887 2069 974 2117 est
1012 2071 1080 2118 ut
1121 2059 1316 2118 dicam
1352 2059 1425 2118 de
1454 2074 1804 2140 argumento
1836 2065 2024 2123 nostri
2057 2069 2348 2144 poematis
2369 2114 2384 2145 ,
2432 2067 2541 2128 de-

355 2185 474 2245 que
515 2165 773 2221 utilitate
832 2182 916 2219 ex
973 2161 1184 2221 eodem
1231 2161 1521 2241 capienda
1563 2162 1640 2222 ad
1683 2163 1995 2225 historiam
2035 2173 2351 2250 praecipue
2400 2173 2542 2230 illu-

355 2266 678 2326 strandam.
768 2276 1187 2342 argtunentum
1220 2268 1511 2345 poematis
1552 2276 1749 2325 totum
1791 2269 1918 2328 fere
1954 2268 2244 2331 habemus
2286 2293 2366 2330 ex
2390 2276 2542 2332 Pro-

359 2373 530 2447 copio
572 2367 801 2426 duobus
839 2370 907 2424 in
952 2368 1100 2426 locis
1139 2388 1524 2446 expressum,
1581 2368 1655 2426 de
1681 2368 1831 2427 bello
1868 2368 2200 2431 Vandalico
2232 2374 2275 2430 l.
2306 2378 2347 2437 2
2380 2394 2430 2430 c.
2460 2379 2542 2439 28

358 2491 428 2550 p.
460 2472 727 2535 305—t5
761 2467 857 2527 ed.
889 2470 1079 2527 Paris.
1127 2482 1185 2529 et
1221 2471 1293 2527 dc
1331 2469 1481 2528 bello
1522 2470 1800 2531 Gottlzico
1825 2472 1869 2528 l.
1902 2469 1941 2533 4
1968 2492 2017 2529 c.
2056 2478 2130 2537 17
2154 2494 2216 2553 p.
2245 2473 2540 2539 614—-5.

360 2574 591 2632 Paulus
630 2593 769 2633 vero
810 2569 1094 2631 diaconus
1134 2572 1206 2629 de
1238 2577 1424 2652 gestis
1450 2574 1986 2652 Longobarclorum
2022 2574 2067 2631 l.
2105 2579 2134 2636 1
2175 2596 2225 2632 c.
2255 2573 2338 2639 25
2381 2574 2541 2655 apud
2592 2636 2596 2640 ,

358 2677 755 2733 muratorium
780 2674 922 2733 Ber.
956 2673 1233 2734 Italic-ar.
1266 2678 1533 2754 scriptor.
1570 2687 1654 2735 to.
1681 2682 1709 2740 1
1745 2697 1808 2756 p.
1837 2675 1962 2740 420
1987 2680 2192 2754 paucis
2215 2675 2378 2736 hisce
2403 2700 2542 2737 ver-

357 2777 456 2835 bis
500 2797 624 2834 rem
657 2787 842 2835 totam
871 2779 1245 2856 perstringit:
1291 2780 1667 2838 lastinianus
1702 2823 1715 2837 .
1741 2822 1754 2836 .
1777 2822 1791 2836 .
1825 2779 2081 2835 Mauros
2116 2822 2129 2836 .
2154 2824 2168 2838 .
2192 2824 2207 2839 .
2249 2780 2542 2860 Africam

354 2877 709 2957 infestantes
747 2899 1062 2958 eorumque
1102 2901 1301 2958 regem
1334 2881 1601 2940 Attilam
1645 2881 1763 2963 (al.
1793 2879 2133 2961 Antalam)
2166 2903 2282 2960 per
2311 2883 2538 2942 Iohan-

358 2999 498 3036 nem
547 2981 913 3038 exconsulem
967 2981 1088 3060 (al.
1137 2982 1593 3064 proconsulem)
1649 2981 1918 3040 mirabili
1971 2984 2188 3039 virtute
2231 2985 2531 3060 protrivit.

353 3090 627 3138 nostrum
666 3078 829 3139 hunc
874 3081 1203 3141 Iohannem
1247 3088 1615 3143 exconsulem
1649 3087 1834 3144 fuisse
1870 3104 1984 3142 nec
2028 3095 2254 3143 constat
2293 3105 2406 3144 nec
2446 3094 2537 3143 est

353 3182 701 3260 probabile,
746 3204 883 3241 cum
925 3204 1224 3265 nusquam
1267 3190 1352 3245 sic
1396 3189 1728 3265 appellatus
1773 3190 1849 3248 sit
1883 3189 2248 3266 aProcopiO.
2333 3189 2533 3265 potius

354 3287 555 3362 potuit
578 3282 860 3345 diaconus
880 3288 1293 3364 proconsulem
1317 3311 1455 3348 eum
1477 3311 1689 3348 vocare
1713 3291 1835 3348 lato
1865 3287 2126 3369 quodam
2150 3306 2347 3362 sensu,
2394 3289 2535 3367 quia

354 3386 563 3467 aliquo
595 3398 865 3468 tempore
906 3393 1066 3448 rexit
1106 3394 1301 3466 solus,
1345 3403 1411 3450 ut
1449 3394 1595 3451 olim
1625 3392 2008 3472 proconsules
2036 3391 2321 3466 Romani,
2365 3390 2533 3449 Afri-

357 3507 531 3561 cam,
579 3508 712 3546 cum
745 3511 964 3570 nempe
1009 3492 1087 3550 ad
1123 3492 1509 3552 debellandos
1552 3496 1792 3552 Mauros
1829 3492 2055 3550 ibidem
2096 3493 2315 3550 missus
2352 3492 2535 3549 fuerit

358 3588 441 3645 ab
481 3590 830 3668 imperatore
876 3596 1004 3672 ipso
1056 3597 1380 3654 Iustiniano
1425 3616 1561 3654 cum
1607 3604 1896 3675 potestate
1936 3612 2005 3650 ac
2042 3592 2216 3649 titulo
2260 3593 2534 3668 magistri

348 3692 612 3751 militiae
651 3697 715 3751 in
753 3696 1019 3756 Africam
1060 3701 1431 3774 universam,
1484 3708 1551 3755 ut
1601 3708 1765 3775 patet
1806 3715 1886 3754 ex
1921 3694 2198 3772 Procopii
2226 3694 2356 3752 loco
2384 3712 2536 3755 mox

346 3796 558 3855 allato.

520 3899 667 3974 Quis
696 3911 896 3961 autem
921 3926 984 3963 re
1007 3926 1151 3965 vera
1177 3906 1358 3964 fuerit
1377 3902 1477 3962 hic
1503 3901 1821 3978 Iohannes,
1869 3923 2050 3986 quem
2074 3903 2318 3961 fratrem
2338 3900 2534 3979 Pappi

354 4010 584 4059 tantum
632 4000 777 4060 dicit
816 4009 1135 4088 Procopius
1175 4010 1323 4068 locis
1365 4010 1544 4089 paulo
1587 4026 1766 4085 supra
1807 4010 2031 4083 citatis,
2075 4025 2234 4064 nunc
2262 4015 2351 4063 est
2379 3999 2532 4060 mihi

353 4103 815 4183 inquirendum,
875 4131 1011 4169 cum
1056 4110 1131 4168 de
1176 4113 1466 4191 poematis
1509 4108 1694 4168 heroe
1737 4087 1966 4189 agatur.
2017 4165 2024 4170 ,
2072 4107 2146 4166 de
2188 4110 2393 4185 Pappo
2432 4102 2532 4160 vel

346 4211 611 4290 Pampo,
684 4222 754 4271 ut
792 4212 1171 4272 scribendum
1215 4234 1343 4273 esse
1386 4216 1590 4271 censui
1634 4213 1789 4271 libro
1827 4217 1855 4275 1
1895 4232 1954 4270 v.
1984 4208 2107 4274 400
2145 4202 2533 4271 Iohannidos,

338 4330 744 4396 quaecunque
796 4317 989 4395 reperi
1033 4315 1192 4397 apud
1229 4317 1619 4394 Procopium,
1663 4317 1729 4375 in
1773 4327 1916 4376 nota
1961 4313 2039 4372 ad
2079 4313 2253 4370 illum
2296 4323 2534 4366 versum
