3210 5200
920 375 1011 441 IN
1060 374 1592 444 IOHANNIDOS
1642 379 1710 443 V
1750 378 2056 444 NOTAE·-
2426 382 2574 453 278

382 547 586 625 rippus
613 552 817 602 noster
844 541 975 598 eius
1005 550 1209 598 auctor
1232 561 1352 600 nou
1382 552 1507 615 est,
1566 552 1722 600 certe
1761 554 1850 601 est
1879 564 2028 624 opus
2066 553 2280 625 poetae
2309 545 2584 612 eiusdem

374 633 533 692 aevi.
629 648 814 708 quam
840 624 985 682 bene
1009 625 1247 683 cut-bati
1268 627 1491 684 directa
1521 637 1605 683 est
1635 631 1844 685 semita
1860 632 2094 706 pontis,
2123 642 2303 710 atque
2327 636 2581 694 interru-

366 727 550 794 ptum
577 714 966 771 conu‘nuatur
991 712 1120 768 iter.
1172 710 1477 768 calcamus
1504 713 1757 788 rapidae
1785 713 2330 791 subiectiflunzim‘e
2354 720 2580 789 undas,

378 811 435 858 et
458 799 603 857 libet
629 800 822 854 iratae
856 815 1087 852 cernere
1109 817 1381 853 murmur
1405 816 1623 876 aquae.
1715 799 1794 854 ite
1830 800 2264 877 igitur-faciles
2281 823 2451 882 perh
2429 825 2579 862 cau-

379 885 488 944 dia
526 895 722 942 vestra
767 882 1051 958 Quirites,
1112 892 1169 937 et
1210 881 1289 937 JV
1277 883 1462 937 arsim
1495 901 1780 940 resonans
1807 883 2071 960 plausus
2112 884 2330 964 ubique
2373 899 2574 950 canat.

381 972 490 1050 qui
519 970 726 1045 potuit
763 965 998 1045 rig-zelas
1039 964 1369 1024 Gothorum
1408 965 1658 1024 subdere
1700 978 1948 1040 mentes,
2005 967 2107 1028 hic
2132 968 2337 1029 docuit
2361 972 2582 1034 durum

365 1055 641 1133 flumina
649 1053 747 1132 fit
750 1072 821 1107 re
850 1071 1080 1126 tagum.

551 1142 653 1202 68.
740 1135 1170 1196 Va1.F1acc.7
1204 1137 1358 1197 1783
1400 1136 1676 1193 animum
1709 1138 2048 1219 contingere
2079 1149 2247 1197 cura.

548 1226 653 1286 71.
737 1220 982 1278 Sueton.
1024 1220 1174 1276 Caes
1200 1215 1275 1279 43
1323 1218 1541 1278 dubiae
1562 1222 1850 1279 civitates.

550 1309 653 1369 79.
738 1324 864 1362 mss
896 1324 1105 1375 canos,
1151 1322 1334 1382 quam
1359 1324 1571 1363 vocem
1595 1309 1851 1363 mutavit
1899 1304 1973 1363 de
2006 1308 2188 1366 Bonis
2215 1307 2260 1366 l.
2297 1328 2348 1367 o.
2378 1327 2437 1369 v.
2458 1310 2582 1375 895

382 1390 677 1470 infime&
709 1387 819 1447 sed
844 1387 1055 1446 idem
1039 1408 1105 1446 m
1136 1386 1270 1447 cod.
1296 1391 1352 1446 A
1379 1388 1502 1452 274
1528 1410 1590 1468 p.
1628 1389 1775 1466 284,
1823 1392 2030 1470 ecloga
2062 1395 2158 1451 oui
2186 1394 2395 1454 titulus
2417 1394 2584 1452 Are-

381 1480 557 1548 tium,
599 1473 783 1532 habet
814 1493 1007 1531 conos.

551 1564 652 1625 80.
742 1562 907 1638 Virg.
934 1557 1098 1616 Aen.
1132 1559 1173 1620 9
1207 1558 1365 1620 6603
1411 1557 1885 1638 pharetramque
1900 1557 2077 1638 suga
2107 1580 2333 1621 censere
2357 1583 2582 1622 sonan·-

383 1656 519 1703 tem.

554 1732 657 1793 83.
743 1727 980 1785 Plinius
1007 1727 1100 1783 H.
1138 1725 1226 1782 N.
1265 1728 1305 1788 8
1339 1729 1377 1788 3
1409 1728 1518 1785 sub
1550 1727 1654 1786 fin.
1687 1731 2076 1809 inscriptique
2101 1731 2324 1790 vultus.
2377 1781 2382 1786 .

552 1817 656 1876 87.
740 1832 835 1871 ιω
870 1811 1178 1883 laborans-5
1222 1799 1385 1869 unde
1412 1812 1664 1871 fortasse
1696 1814 1897 1892 legere
1926 1818 2148 1894 poteris
2184 1814 2433 1875 labores.

551 1902 655 1961 90.
744 1900 866 1956 Cic.
921 1896 1162 1955 'lusa-ul.
1221 1896 1461 1973 Quaeet.
1510 1898 1549 1960 5
1593 1901 1711 1962 283
1784 1902 2071 1977 sapientie
2115 1913 2199 1959 eet
2238 1903 2587 1981 proprium,

384 1983 566 2054 nihil,
609 1984 774 2062 quod
796 1985 1101 2060 poen-itere
1133 1983 1355 2060 possit,
1393 1982 1636 2060 sacere;
1694 1991 1754 2042 et
1783 1984 1857 2041 de
1879 1986 2115 2044 Invent.
2148 1991 2189 2050 2
2223 1988 2332 2048 18.
2377 1988 2589 2067 quaeri

383 2080 605 2149 oportet
646 2080 850 2126 ulrum
889 2068 960 2125 id
979 2068 1244 2147 facinus
1289 2069 1394 2137 eit,
1457 2066 1624 2147 quod
1648 2071 1949 2146 poenitere
1959 2071 2163 2148 suerit
2191 2091 2439 2130 necesse.
2530 2073 2584 2134 si

382 2167 585 2214 autem
638 2175 763 2214 uon
820 2155 1017 2233 placet
1077 2151 1338 2223 malum,
1407 2162 1477 2211 ut
1525 2151 1713 2212 habet
1768 2153 1992 2232 codex,
2088 2157 2305 2233 corrigi
2366 2158 2585 2235 poterit
2625 2167 2632 2172 “
2691 2155 2697 2166 ’

382 2241 554 2299 mali.

554 2323 658 2387 95.
745 2343 923 2400 super
964 2341 1073 2399 pro
1118 2320 1395 2399 desuper,
1450 2332 1517 2380 ut
1541 2323 1707 2400 virg.
1738 2323 1903 2384 Aen.
1936 2327 1976 2387 9
2011 2325 2164 2386 1683
2211 2320 2327 2385 hae
2349 2343 2530 2401 cuper
2555 2344 2587 2381 e

384 2409 551 2470 vallo
573 2415 960 2486 prospectant
1002 2407 1196 2464 Troes.
1288 2411 1436 2465 item
1465 2408 1694 2467 Lucan.
1730 2410 1768 2471 6
1798 2412 1961 2472 2913
2008 2427 2147 2465 Cum
2176 2428 2355 2486 wper
2386 2430 2417 2466 e
2447 2411 2582 2471 totis

385 2497 579 2553 emisit
600 2491 869 2550 collibus
879 2501 1118 2570 agmen.

555 2581 658 2642 97.
746 2579 910 2655 Virg·
940 2576 1102 2633 Aen
1147 2578 1187 2638 8
1221 2571 1383 2639 4133
1415 2596 1647 2654 parvos
1675 2577 1918 2635 educere
1948 2587 2139 2635 natos.

555 2667 658 2728 98.
742 2682 837 2719 ms
870 2662 1131 2732 lumina5
1189 2660 1296 2718 sed
1336 2659 1411 2718 de
1456 2664 1641 2720 Bonis
1682 2665 1747 2719 in
1784 2669 2062 2741 poemate
2102 2661 2176 2721 de
2210 2660 2382 2722 laud.
2429 2660 2574 2720 Gal.

396 2750 687 2823 Vicecom.
724 2749 759 2809 1
790 2746 913 2809 975
943 2748 1114 2804 iuxta
1144 2743 1278 2802 cod.
1306 2748 1363 2804 A
1390 2746 1515 2811 274
1543 2745 1727 2807 habet
1755 2747 1989 2806 limina.

561 2837 701 2897 100.
790 2832 866 2888 cf.
896 2830 969 2888 de
1000 2829 1169 2888 laud.
1205 2834 1247 2891 2
1279 2833 1419 2892 161.

556 2921 699 2981 106.
785 2915 1056 2975 Ιαονὶηιιζς
1078 2913 1296 2972 obortis
1327 2917 1491 2995 Virg.
1523 2916 1688 2976 Aen.
1727 2920 1765 2981 8
1771 2915 1946 2995 492,
2007 2915 2050 2984 4
2077 2922 2195 2992 80,
2248 2917 2292 2980 6
2322 2916 2477 2991 867,
2521 2921 2580 2973 Gt

556 3092 698 3153 117.
783 3087 943 3146 dolet
965 3087 1216 3147 fortasse
1247 3087 1491 3145 retineri
1521 3097 1773 3165 poterat.
2257 3092 2264 3097 ’

556 3176 697 3238 126
782 3175 949 3251 Virg·
977 3173 1141 3233 Aen.
1195 3174 1269 3236 11
1310 3172 1470 3237 9853
1529 3172 1815 3231 comulite
1860 3174 1928 3230 in
1965 3171 2254 3242 medium,
2311 3179 2368 3226 et
2404 3167 2576 3227 rebus

318 3292 330 3303 ν
386 3263 708 3316 succurrite
725 3258 932 3337 semis.
2593 3282 2596 3289 ,

548 3348 699 3414 189.
786 3345 913 3400 sine
942 3342 1189 3401 crimine
1216 3344 1411 3400 vitam
1440 3342 1607 3418 Virg.
1637 3341 1802 3399 Aen.
1834 3336 1876 3403 4
1907 3339 2052 3403 550.

460 3444 465 3449 ·
562 3428 700 3491 140.
786 3429 953 3504 Virg.
984 3427 1146 3485 Aen.
1192 3430 1233 3490 6
1266 3430 1438 3492 7673
1507 3427 1802 3486 Troianae
1834 3424 2035 3502 gloria
2059 3427 2276 3503 gentle.
2369 3422 2577 3482 Iudith

387 3515 432 3577 6
470 3514 580 3574 10:
624 3512 913 3592 ingloria
939 3510 1285 3569 Ierusalem.

566 3597 705 3660 141.
789 3599 957 3674 Virg.
983 3596 1146 3654 Aen.
1176 3600 1218 3658 2
1246 3597 1407 3659 281:
1451 3615 1584 3673 spec
1610 3594 1968 3670 ofidissima
2011 3596 2320 3652 Teucrum.

561 3681 706 3746 142.
791 3681 1050 3739 clamore
1076 3691 1407 3760 sequuntur
1439 3683 1602 3757 Virg.
1634 3678 1796 3740 Aen.
1829 3683 1866 3741 9
1900 3676 2024 3740 466
2050 3688 2109 3737 et
2143 3682 2218 3742 10
2248 3678 2400 3741 799

562 3767 703 3830 148.
792 3766 1063 3827 omnibus
1092 3786 1282 3824 unum
1313 3767 1475 3843 Virg.
1504 3767 1666 3833 Aen.
1698 3770 1737 3833 8
1765 3763 1890 3833 435
1923 3774 1982 3821 et
2020 3767 2097 3831 10
2124 3767 2268 3828 201.
2357 3786 2362 3795 ·

514 3852 700 3934 1,47
788 3854 1059 3932 corniger
1077 3851 1350 3911 Ammon
1377 3849 1552 3911 Ovid.
1582 3851 1657 3910 de
1682 3851 1839 3909 Arte
1864 3847 2118 3908 amandi
2142 3851 2179 3913 3
2205 3849 2351 3914 789.
2412 3865 2472 3905 v.
2499 3844 2575 3906 ad

561 4019 704 4084 154.
787 4042 847 4080 v.
877 4026 917 4084 3
945 4024 1026 4085 91
1058 3997 1118 4079 et
1141 4039 1311 4101 seqq.

564 4104 706 4167 157.
774 4106 1040 4185 fervore]
1088 4109 1173 4164 sic
1203 4107 1424 4183 legitur
1445 4105 1774 4164 etiamnum
1801 4105 1865 4162 in
1897 4100 2118 4177 codice,
2172 4101 2285 4161 etsi
2314 4118 2349 4157 a
2376 4108 2577 4177 poste·-

394 4185 549 4244 tiore
576 4207 764 4247 manu
788 4187 982 4248 deleta
1003 4193 1184 4250 fuerit
1212 4190 1475 4268 literas,
1515 4192 1599 4248 ita
1628 4200 1696 4248 ut
1733 4191 1858 4247 fere
1885 4190 2052 4267 legas
2078 4206 2304 4246 cruore.

565 4274 705 4338 160.
791 4285 910 4332 toto
923 4278 1193 4354 percepit
1211 4286 1445 4354 pectore
1471 4277 1636 4353 Virg.
1666 4273 1828 4334 Aen.
1862 4279 1903 4338 7
1930 4274 2114 4343 356.
2677 4338 2685 4347 ,

380 4346 405 4391 ‘
564 4360 709 4421 169.
791 4359 1026 4420 Tibull.
1055 4364 1091 4426 1
1142 4368 1212 4427 11
1259 4367 1374 4429 67.
1434 4359 1602 4418 alma
1627 4381 1777 4439 pax.
1871 4378 1907 4419 a
1935 4360 2190 4438 Corippo
2231 4363 2430 4415 autem
2469 4347 2582 4409 boc
