3210 5200
1030 413 1553 485 IOHANNIDOS
1604 418 1764 484 LIB.
1810 418 1865 484 L
2434 418 2532 488 29

523 590 799 667 victaque
833 584 995 644 bella
1025 583 1265 663 placent
1292 584 1464 662 regui
1492 584 1764 662 graviora
1790 585 2049 664 superbi,

521 693 758 772 expulit
782 699 851 747 ut
876 690 1092 747 Persas
1108 732 1125 762 ,
1172 687 1379 745 stravit
1410 705 1528 765 quo
1557 687 1804 743 vulnere
1829 684 2083 745 Parthos

525 794 775 854 confisos
798 790 989 849 turbis
1016 787 1335 867 densisque
1361 788 1594 846 obstare
1619 789 1869 865 sagittis,

400 901 485 962 60
525 908 792 974 tempore
829 911 950 972 quo
980 891 1090 949 lati
1121 899 1439 947 manarunt
1464 888 1715 947 Nitzibis
1740 883 1868 967 agri

422 1005 425 1008 ’
526 998 813 1074 sanguine
838 995 1187 1065 Persarum,
1228 988 1570 1070 Parthoque
1595 1010 1631 1047 a
1656 1009 1797 1068 rege
1827 988 2121 1051 secundus

524 1114 871 1176 congressus
901 1089 1205 1166 Nabedes,
1247 1090 1434 1151 fretus
1460 1093 1681 1151 virtute
1706 1092 1912 1169 feroci,

524 1201 724 1257 amisit
745 1198 934 1256 socias
962 1191 1094 1273 ipso
1119 1181 1435 1272 superante
1461 1206 1744 1271 catervas,

525 1301 934 1380 effugiensque
963 1315 1135 1370 suas,
1181 1305 1345 1355 actus
1374 1291 1732 1371 formidine,
1775 1307 1974 1376 portas

403 1403 484 1469 65
526 1401 799 1462 claudere
826 1403 935 1459 vix
964 1392 1185 1476 potuit,
1229 1396 1614 1478 mediamque
1642 1402 1706 1456 in
1730 1401 1978 1460 Nitzibis
2006 1421 2199 1462 arcem

526 1509 822 1564 Romanos
847 1503 1040 1580 erupit
1069 1517 1284 1578 eques,
1327 1503 1633 1580 victorque
1658 1499 1955 1561 Iohannes

522 1610 839 1666 Persarum
871 1601 1139 1661 excelsas
1168 1605 1463 1660 concussit
1487 1600 1731 1681 cuspide
1758 1615 1981 1681 portas.

605 1708 895 1784 Principis
922 1714 1059 1761 ante
1087 1704 1287 1762 oculos
1319 1702 1654 1762 discurrunt
1683 1716 1893 1763 cuncta
1926 1705 2121 1766 fidelis

524 1812 701 1870 fortia
727 1810 885 1867 facta
910 1801 1057 1864 viri:
1099 1815 1312 1883 pensat
1336 1817 1653 1887 versatque
1680 1807 1935 1884 labores,

401 1917 485 1981 70
522 1907 1037 1988 Theudosiupolin
1059 1916 1127 1964 ut
1152 1904 1371 1965 densus
1396 1909 1711 1967 vallaverit
1733 1906 1923 1970 hostis

523 2009 831 2075 obsidione
863 2011 1061 2088 gravi3
1103 2010 1294 2068 noctis
1321 2010 1480 2069 celer
1504 2012 1611 2069 ille
1643 2026 1754 2090 per
1779 2013 2021 2072 umbras

527 2128 594 2176 ut
620 2117 867 2176 veniens
896 2110 1111 2169 dubiae
1140 2112 1427 2170 succurrit
1450 2114 1765 2173 moenibus
1788 2114 1972 2191 urbis,

524 2216 726 2277 hostes
754 2237 863 2296 per
887 2212 1118 2274 medios
1142 2224 1343 2293 portas
1370 2216 1674 2294 ingressus
1699 2218 1953 2293 amicas3

525 2322 762 2380 territus
790 2329 970 2398 utque
992 2314 1211 2395 pedem
1236 2318 1425 2375 muris
1453 2319 1750 2376 subtraxit
1780 2319 1854 2376 ab
1888 2314 2013 2380 illis

407 2422 487 2489 75
526 2420 735 2500 ingens
758 2423 1151 2492 Mermeroesg
1196 2415 1515 2499 densisque
1542 2430 1610 2479 ut
1636 2422 1870 2480 saevior
1900 2423 2083 2482 armis

530 2523 712 2583 ardua
735 2520 966 2581 sidereo
995 2523 1333 2600 cingentem
1353 2524 1595 2580 moenia
1621 2540 1796 2583 muro

527 2626 667 2686 inde
696 2629 885 2685 Daras
914 2645 1091 2684 ausus
1120 2622 1358 2698 ductor,
1404 2626 1511 2704 qui
1536 2628 1707 2705 sigua
1735 2626 2000 2705 regebat,

527 2741 800 2811 appetere
829 2739 890 2789 et
912 2729 1074 2788 bello
1097 2727 1302 2786 Latias
1324 2735 1555 2784 tentare
1576 2725 1932 2807 phalangas.

528 2831 637 2892 sed
659 2844 974 2914 postquam
995 2832 1256 2911 primam
1277 2828 1537 2905 vigilans
1562 2848 1643 2887 ex
1661 2828 1931 2892 hostibus
1955 2831 2169 2894 urbem

407 2938 486 3002 80
526 2938 739 3014 eripuit
765 2933 996 3009 ductor,
1040 2935 1340 3011 fugientes
1365 2928 1506 2989 inde
1539 2943 1777 2992 secutus

529 3046 774 3115 occupat
796 3047 932 3094 ante
961 3038 1092 3094 vias
1118 3046 1298 3115 atque
1327 3054 1534 3094 omnes
1559 3034 1823 3096 vindicat
1852 3055 2046 3116 agros,

529 3158 606 3198 ne
636 3140 947 3217 popularet
973 3147 1148 3194 atrox
1175 3146 1278 3195 aut
1303 3154 1670 3217 quemquam
1700 3137 1967 3199 laederet
1993 3139 2207 3202 hosti».

527 3244 754 3320 primus
782 3238 1119 3303 et‚obtinuit
1147 3238 1293 3297 celsi
1319 3240 1654 3298 munimina
1676 3242 1855 3318 muri,

527 3362 641 3401 nec
664 3360 873 3422 passus
897 3337 1136 3400 differre
1164 3338 1298 3400 diu:
1339 3360 1485 3400 nam
1510 3345 1780 3421 protinus
1806 3342 1968 3405 hosti

409 3445 488 3510 85
523 3444 730 3503 fortior
753 3446 823 3502 in
846 3441 1077 3502 medios
1104 3462 1283 3502 ausus
1310 3463 1653 3503 concurrere
1687 3464 1951 3526 campos,

529 3547 777 3627 perculit
800 3548 1142 3606 innumeras
1160 3547 1326 3604 felici
1350 3548 1540 3604 Marte
1565 3556 1828 3607 catervas

528 3651 913 3728 egregiosque
946 3646 1126 3708 duces
1159 3659 1220 3707 et
1243 3650 1475 3708 iunctas
1504 3648 1749 3708 foedere
1776 3658 2006 3728 gentes-

527 3749 883 3810 Parthorum
911 3748 1222 3810 dominum
1244 3752 1472 3813 victum
1494 3768 1854 3833 versumque
1881 3751 2115 3831 fugavit

369 3949 432 4004 60
461 3950 761 4004 mandarunt
781 3950 977 4005 nuzibis
999 3951 1106 4007 acri
1133 3953 1184 4006 Τ
1367 3952 1434 4007 61
1469 3952 1719 4006 secundos
1739 3952 1803 4008 M
1995 3952 2065 4008 62
2094 3950 2370 4023 Nabedea]
2404 3969 2540 4008 nunc

366 4016 515 4072 lubet
538 4022 613 4081 T..
650 4021 921 4075 nechabet
941 4022 1003 4074 M
1190 4021 1258 4076 63
1291 4020 1495 4076 admisit
1513 4023 1672 4076 notin
1696 4022 1746 4074 Τ
1908 4022 1975 4077 65
2011 4022 2273 4092 medieque
2293 4023 2348 4076 in
2366 4024 2541 4077 Nitzi-

366 4086 447 4140 bis
467 4104 555 4143 are
576 4090 834 4143 Romanus
853 4091 957 4143 irru
995 4089 1040 4143 it
1056 4091 1142 4146 vel
1164 4091 1356 4161 dirupit
1376 4093 1447 4144 Τε
1481 4091 1749 4160 mediaque
1768 4090 1825 4144 in
1843 4090 2064 4145 Nitzibis
2086 4109 2205 4146 arce
2224 4092 2408 4163 irrupit
2427 4094 2541 4146 Ro-

365 4170 535 4210 nanus
569 4158 645 4212 Μ.
693 4161 913 4213 cori-etit
1193 4163 1263 4215 70
1294 4159 1766 4232 Theododoyponn
1798 4161 1912 4215 MT
2108 4163 2179 4216 76
2210 4163 2448 4232 cingebat
2479 4161 2547 4214 Μ

363 4225 431 4281 77
464 4226 628 4280 claras
654 4228 726 4281 '1⁸2
758 4230 826 4281 cf.
851 4232 886 4283 2
908 4231 1036 4296 119,
1068 4230 1107 4283 4
1126 4229 1231 4285 255
1258 4234 1312 4282 et
1333 4229 1453 4284 545.
1645 4231 1773 4291 ibid.
1805 4230 1951 4302 quasi
1975 4232 2026 4283 Τ
2205 4234 2275 4288 82
2307 4232 2407 4299 ue]
2439 4245 2542 4281 neu

362 4296 591 4415 zum
696 4366 746 4419 ‘1'
788 4298 1126 4359 εὺίωοὰοιο.
1329 4298 1671 4357 etho-¹521·
1855 4299 2234 4357 θῦιὶιωΜΤ
2409 4298 2539 4354 ibid.

464 4380 672 4419 currere
742 4403 757 4418 .
