3210 5200
770 459 914 528 402
1394 455 1676 523 NOTAE
1721 454 1811 521 IN
1864 453 2186 521 LIBRUM
2234 451 2329 520 111

753 626 1013 704 sunera;
1057 640 1399 698 semperque
1422 619 1706 698 defimcto
1735 619 1940 699 aliquo
1972 630 2126 677 totus
2152 617 2363 677 aderat
2373 618 2666 697 familiae
2698 622 2823 678 eius
2848 624 2942 700 qui

770 728 1040 787 anquam
1054 707 1273 784 suerat
1288 705 1575 783 populus.
1668 703 1815 785 quid
1858 706 2067 763 attinet
2094 704 2426 763 exscribere
2456 704 2750 762 Senecam
2773 709 2935 765 Iuve-

771 796 973 851 nalem
1012 790 1296 851 Ovidium
1337 801 1395 849 et
1434 792 1584 848 alios
1622 810 1657 847 a
1701 791 1882 867 vulgo
1912 790 2246 847 criticorum
2271 790 2476 846 citatos
2506 791 2572 846 in
2599 786 2754 855 hanc
2776 789 2933 849 rem?

772 879 887 938 hoc
912 888 1144 936 tantum
1176 873 1329 932 addo
1351 920 1367 948 ‚
1412 874 1574 955 quod
1596 877 1998 933 necessarium
2023 871 2165 931 huic
2197 876 2360 948 loce,
2407 871 2724 951 diligenter
2756 894 2932 933 asser-

775 973 939 1020 vatas
977 963 1050 1019 ab
1091 961 1443 1019 atriensibus
1470 962 1794 1037 imagines,
1838 970 1898 1016 et
1925 961 2074 1016 velis
2104 961 2353 1017 intectas
2383 955 2462 1015 ad
2485 961 2826 1017 comitatum
2842 960 2933 1018 fu-

775 1049 1019 1106 nebrem
1047 1044 1381 1124 productas.
1466 1056 1701 1122 praeter
1730 1045 1996 1101 Plinium
2021 1046 2266 1100 citatum
2285 1044 2541 1101 ‘Tacitus
2574 1045 2793 1101 Annal.
2819 1049 2853 1108 8
2874 1046 2930 1101 in

776 1134 980 1191 funere
1029 1131 1400 1187 Germanici:
1438 1129 1835 1207 cbcmnsusas
1874 1128 2089 1186 lectulo
2128 1127 2516 1186 Claudiorum
2543 1127 2933 1207 Iuliorumque

770 1217 1082 1296 inmagines.
1173 1215 1323 1272 Stat.
1351 1213 1552 1271 Theb.
1581 1217 1621 1275 6
1639 1257 1656 1287 ,
1702 1232 1883 1292 quem
1917 1223 2216 1271 auctorem
2243 1214 2477 1271 animus
2510 1209 2664 1269 mihi
2692 1213 2834 1270 olim
2861 1214 2930 1269 il—

772 1303 1020 1359 lustrare
1063 1299 1297 1378 (neque
1345 1302 1509 1357 enim
1552 1300 1713 1357 ullus
1758 1300 1951 1375 magis
1989 1295 2140 1355 mihi
2180 1294 2430 1371 arridet,
2475 1308 2535 1355 et
2566 1295 2759 1356 habeo
2793 1317 2929 1378 quae

771 1406 893 1444 non
919 1394 1057 1444 sunt
1083 1385 1216 1442 luce
1243 1381 1488 1461 indigna
1521 1382 1751 1459 forte):
1794 1403 1968 1440 arma
1993 1385 2169 1440 etiam
2197 1392 2252 1437 et
2277 1393 2538 1439 veteram
2564 1385 2802 1440 exum'as
2824 1385 2929 1438 οὐκ·

774 1469 1020 1528 cumdat
1057 1489 1334 1538 avorum,
1371 1468 1571 1547 gloria
1612 1469 1797 1525 mia-ta
1837 1467 2036 1526 malis.
2127 1465 2378 1525 cadaver
2410 1463 2626 1524 deinde
2652 1485 2789 1545 rogo
2817 1468 2928 1523 im-

771 1556 1132 1634 ponebatur,
1176 1553 1571 1633 urebaturque
1614 1572 1752 1611 cum
1788 1553 2007 1611 lectulo
2022 1597 2039 1627 ,
2083 1553 2374 1630 imagines
2414 1549 2493 1609 ad
2535 1554 2684 1610 atria
2710 1551 2928 1608 defere-

770 1642 1007 1698 bantur.
1093 1640 1374 1696 Dsursw.

942 1724 1045 1785 11.
1117 1733 1368 1798 patrum
1391 1723 1581 1798 more]
1627 1719 1954 1782 secundum
1990 1723 2179 1779 avitos
2208 1720 2374 1778 ritus.
2459 1739 2743 1798 pompam
2752 1719 2930 1798 sune-

772 1807 935 1865 brem
963 1808 1296 1882 imaginum
1332 1804 1611 1863 describit
1640 1802 1885 1883 pulchre
1914 1806 2197 1883 Polybius
2220 1806 2372 1862 libro
2402 1808 2507 1885 qui
2531 1824 2690 1862 nunc
2718 1814 2930 1863 sextus.

771 1901 927 1949 recte
989 1891 1267 1967 exposuit
1326 1888 1476 1947 haec
1528 1889 1709 1946 verba
1766 1900 1966 1948 auctor
2027 1887 2449 1948 periocharum
2503 1890 2932 1968 marginalium.

768 1979 1018 2034 Bam-u.
1923 2033 1930 2042 ,

942 2061 1042 2121 12.
1127 2057 1290 2114 triste
1336 2057 1760 2135 ministerium]
1820 2058 2215 2135 Virgilianum
2264 2055 2378 2117 hoc
2418 2068 2504 2116 est
2542 2060 2696 2115 Aen.
2733 2061 2775 2120 7
2821 2058 2931 2120 19:

752 2142 949 2224 jbeda
977 2142 1321 2199 ministeria.
1410 2142 1598 2200 Rrrr.
2349 2189 2352 2192 .

939 2225 1021 2283 ib.
1113 2225 1336 2304 latam]
1407 2227 1492 2283 sic
1548 2226 1775 2283 restitui
1791 2268 1808 2299 ‚
1883 2244 2020 2283 cum
2072 2225 2294 2284 laetam
2342 2237 2491 2302 esset
2537 2236 2707 2284 antea
2749 2227 2933 2285 male.

770 2315 1054 2371 Datus-r.
1138 2310 1330 2369 Iatam
1352 2310 1563 2368 aulam
1591 2320 1884 2390 reponunt
1908 2312 2148 2370 Ruizius
2177 2322 2236 2370 et
2261 2314 2669 2391 nempstems,
2710 2330 2810 2369 me
2837 2314 2938 2368 in-

770 2399 927 2456 vito:
972 2396 1132 2453 laeta
1160 2398 1323 2454 enim
1352 2404 1487 2453 ante
1513 2394 1631 2454 hoc
1659 2404 1767 2454 est.
1853 2414 1994 2454 auro
2020 2407 2077 2454 et
2103 2408 2344 2476 argento
2375 2408 2434 2455 et
2455 2416 2750 2455 marmore
2775 2398 2936 2455 aliis-

772 2500 892 2563 que
926 2483 1288 2540 ornamentis
1322 2483 1636 2559 conspicua
1673 2481 1865 2538 fuerat
1895 2480 2060 2554 aula,
2104 2479 2219 2539 hoc
2249 2493 2449 2540 autem
2480 2484 2807 2541 ministerio
2833 2482 2936 2539 illa

771 2565 984 2626 eadem
1020 2568 1318 2626 tristescit.
1401 2564 1510 2625 sed
1552 2568 1774 2625 mirum
1813 2563 1960 2645 quid
2003 2568 2200 2625 visum
2236 2566 2417 2625 fuerit
2444 2564 2796 2627 doctissimis
2819 2564 2936 2625 ho-

770 2653 1033 2711 minibus
1069 2653 1153 2710 ita
1183 2670 1421 2730 prorsus
1450 2653 1578 2710 sine
1609 2661 1751 2710 nota
1785 2652 2033 2709 transire
2064 2646 2130 2715 τὰ
2148 2651 2433 2730 feriebat.
2525 2671 2602 2710 an
2636 2655 2797 2710 ariste
2822 2654 2938 2710 mi-

768 2739 1076 2797 mkteriwn
1105 2735 1372 2814 feriebat
1407 2738 1474 2794 in
1512 2737 1705 2794 latam
1747 2736 1985 2806 aulam,
2029 2737 2349 2796 clamorem
2379 2738 2647 2795 flentium
2677 2738 2937 2796 famulo-

771 2841 937 2895 rum,
989 2840 1170 2901 quem
1197 2821 1352 2879 dixit
1379 2841 1487 2900 per
1514 2824 1756 2881 omnem
1780 2822 1979 2879 aulam
2012 2820 2314 2897 auditum,
2361 2819 2678 2901 designat?
2761 2832 2935 2924 pote-—

770 2916 862 2963 rat
890 2906 1011 2961 tale
1048 2903 1193 2982 quid
1222 2904 1522 2979 exaudiri,
1570 2908 1623 2963 si
1648 2904 2161 2985 praecedentibus,
2200 2907 2306 2966 ubi
2335 2904 2408 2965 de
2436 2908 2600 2965 luctu
2633 2910 2934 2965 mimstro-

768 3006 935 3061 rum,
977 2989 1232 3046 insen-tm
1271 2990 1569 3066 legeretur
1600 2987 1701 3047 hic
1739 3010 1971 3064 versus,
2020 2993 2117 3050 vel
2155 2993 2268 3050 isto
2311 2992 2442 3050 loco
2480 2990 2555 3050 de
2592 2993 2700 3050 tali
2736 2993 2935 3071 aliquo

767 3091 966 3133 sermo
1005 3081 1176 3130 esset.
1264 3070 1640 3131 scribendum
1680 3076 2020 3133 existimem
2058 3076 2281 3134 laetam
2292 3075 2580 3156 fervebat
2605 3078 2672 3134 in
2697 3075 2927 3134 aidum.

766 3154 835 3222 τό*
876 3158 944 3214 in
982 3157 1196 3216 vocula
1233 3176 1355 3215 non
1397 3154 1723 3215 secundum
1764 3178 2020 3217 canonas
2063 3160 2543 3240 paedotribamm
2577 3164 2765 3240 posita
2793 3180 2936 3219 cor-

770 3239 1102 3318 rumpendo
1128 3241 1260 3299 loco
1288 3242 1473 3303 fuisse
1499 3241 1752 3301 videtur.
1819 3244 2060 3323 fervere
2087 3258 2288 3306 autem
2313 3248 2704 3307 ministerium
2732 3244 2811 3304 ad
2835 3243 2940 3303 di-

766 3325 1082 3405 ligentiam
1119 3335 1182 3383 et
1214 3326 1479 3385 laborem
1522 3328 1882 3387 famulorum
1920 3332 2196 3409 pertinet.
2282 3334 2368 3391 sic
2390 3335 2557 3391 Maro
2585 3330 2659 3388 de
2684 3332 2898 3410 apibus
2913 3349 2938 3389 =

750 3411 956 3493 servet
975 3430 1145 3489 opu-s.
1238 3421 1297 3471 et
1327 3410 1401 3471 de
1430 3416 1696 3472 exercitu
1722 3413 2114 3475 Claudianus:
2137 3417 2345 3496 firvet
2375 3419 2625 3475 cristatis
2646 3414 2948 3474 exercitzoe'

766 3495 1031 3575 undique
1057 3498 1287 3554 turmis.
1376 3499 1718 3573 Petmnim,
1761 3502 2082 3578 specimine
2105 3501 2250 3559 belli
2275 3504 2495 3561 civilis:
2536 3511 2941 3581 totasquepa·

765 3580 964 3660 Alpes
971 3582 1214 3661 fervere
1249 3582 1546 3641 Germano
1566 3584 1850 3662 perfia-ras
1876 3587 2167 3665 sang-uine
2188 3596 2434 3645 turmas.
2519 3584 2631 3645 sed
2654 3607 2789 3645 cum
2813 3605 2938 3663 pe-

766 3669 950 3725 nitius
994 3667 1272 3746 inspicies
1289 3712 1305 3742 ,
1348 3679 1540 3727 totum
1582 3667 1743 3727 hunc
1779 3689 2018 3728 versum
2052 3672 2409 3750 superfluere
2451 3669 2682 3731 videbis
2696 3715 2713 3747 ‚
2755 3680 2822 3729 ut
2860 3671 2938 3728 in

763 3748 881 3810 hoc
909 3760 1147 3811 auctore
1178 3753 1285 3810 alii
1313 3762 1479 3827 sunt,
1525 3763 1583 3811 et
1608 3772 1717 3812 nos
1748 3754 1889 3811 alibi
1914 3754 2327 3816 indicavimus.
2409 3758 2654 3815 Bam-n.

939 3840 1039 3899 13.
1120 3839 1413 3916 sumina]
1460 3857 1753 3917 purpurea
1776 3841 2057 3919 stragula.
2140 3843 2226 3900 sic
2252 3860 2361 3920 ego
2389 3841 2645 3913 restitui,
2686 3856 2828 3898 cum
2859 3838 2936 3896 in

764 3919 948 4000 priori
992 3918 1250 3980 editione
1292 3925 1608 3994 stt-amma,
1647 3925 1971 4001 legeretur,
2014 3923 2176 4006 quod
2206 3945 2386 4006 quam
2411 3927 2490 3984 sit
2515 3922 2837 3985 absurdum
2862 3922 2937 3980 in

766 4004 1050 4084 principis
1075 4006 1304 4081 funere,
1332 4008 1465 4087 quis
1492 4025 1615 4066 non
1637 4006 1844 4067 videt?
1888 4009 1987 4068 adi
2014 4010 2092 4069 ad
2121 4015 2151 4074 1
2176 4031 2240 4068 n.
2275 4014 2372 4074 13.
2404 4012 2686 4069 Dmsr.
2769 4018 2938 4066 stra-

765 4090 932 4148 mina
957 4100 1097 4149 sunt
1121 4093 1341 4171 tapetia
1364 4095 1610 4152 instrata
1631 4102 1732 4151 aut
1759 4094 2070 4154 substrata.
2156 4094 2318 4175 quod
2352 4114 2478 4154 non
2518 4095 2675 4173 cepit
2702 4090 2941 4151 doctis-

767 4175 954 4234 simus
994 4177 1378 4254 Dempsterus
1395 4219 1412 4251 ‚
1451 4175 1985 4262 ideoquexstamina
2007 4182 2300 4260 reposuit,
2342 4180 2523 4238 male.
2608 4175 2718 4236 sed
2753 4194 2942 4255 gem-

764 4279 903 4318 mae
938 4269 1078 4318 sunt
1115 4257 1345 4338 lapides
1381 4263 1658 4340 pretiosi,
1713 4266 1894 4323 etiam
1937 4284 2233 4325 marmora
2285 4265 2551 4323 melioris
2588 4260 2942 4341 adspectus·

762 4363 972 4403 verum
993 4344 1192 4403 verius
1223 4341 1298 4401 de
1327 4349 1540 4424 tapetis
1569 4348 1830 4408 instratis
1866 4349 2062 4407 funeri
2089 4359 2148 4408 et
2175 4351 2439 4429 reliquae
2470 4366 2729 4427 pompae
2756 4345 2945 4425 loqui

761 4428 1103 4507 Cor-ippum.
1186 4448 1458 4509 gemmae
1483 4442 1716 4510 autem,
1759 4452 1907 4515 quas
1927 4432 2179 4494 viridem
2203 4438 2463 4495 Nereum
2489 4433 2724 4492 misisse
2759 4428 2947 4505 dicit,
