3210 5200
630 478 715 526 xx
1394 458 2066 526 MAZZUCCHELLII

635 628 795 686 tione
832 624 909 685 ad
951 646 1124 685 suum
1157 627 1506 685 Salvianum
1538 644 1650 686 nos
1680 625 1851 686 docet
1881 627 1955 684 ab
1981 630 2114 708 ipso
2144 628 2485 707 Huugariae
2513 642 2651 705 rege
2679 630 2805 685 Lu-

636 730 875 804 dovico‚
935 730 1039 809 qni
1080 730 1232 805 patri
1272 744 1380 785 suo
1422 728 1725 787 Vladislao
1772 733 2053 789 successit
2097 750 2153 787 a.
2199 732 2389 804 1516,
2462 731 2804 803 obtinuisse,

638 843 955 911 antequam
982 832 1216 887 Turcae
1244 828 1477 887 Budam
1504 829 1975 907 ingrederentur,
2020 834 2213 890 varios
2240 830 2470 891 codices
2497 833 2806 890 corvinia-

637 952 769 990 noe.
852 930 1098 989 tandem
1127 928 1345 987 residui
1373 930 1496 993 400
1526 934 1755 988 circiter
1784 930 2048 1006 codices,
2096 932 2266 990 Buda
2301 954 2334 991 a
2363 933 2580 992 Christi
2612 933 2806 991 fideli-

638 1036 750 1093 bus
782 1043 1151 1112 recuperata,
1192 1033 1486 1089 Viennam
1515 1030 1768 1090 traducti
1792 1034 2031 1090 fuerunt
2059 1052 2212 1090 anno
2247 1037 2426 1107 1686,
2461 1056 2582 1092 uon
2608 1048 2807 1094 tamen

638 1154 819 1212 opera
845 1134 1185 1207 Lambecii,
1243 1143 1309 1189 ut
1349 1133 1501 1191 falso
1543 1146 1744 1192 narrat
1768 1133 2192 1193 Tiraboschius
2227 1136 2483 1193 Historia
2511 1157 2688 1214 supra
2722 1140 2810 1194 ci-

636 1247 760 1292 tata
788 1247 835 1293 t.
869 1239 907 1297 6
939 1257 1000 1314 p.
1031 1240 1063 1297 1
1096 1254 1157 1312 p.
1192 1236 1344 1298 159:
1405 1254 1548 1291 nam
1586 1239 1716 1315 ipse
1742 1238 2094 1295 Lambecins
2126 1257 2315 1317 usque
2351 1238 2425 1293 ab
2454 1257 2607 1295 anno
2646 1241 2811 1301 1680

636 1339 793 1394 inter
813 1339 980 1395 vivos
1009 1356 1137 1394 esse
1166 1334 1439 1393 desierat.
1523 1349 1643 1395 tres
1675 1337 1906 1396 codices
1938 1348 2170 1397 tantum
2198 1339 2301 1395 ille
2335 1358 2389 1394 a.
2429 1342 2589 1402 1666
2625 1341 2812 1396 Vien-

638 1458 781 1495 nam
816 1460 849 1495 e
880 1436 1143 1495 Budensi
1167 1436 1527 1496 bibliotheca
1554 1442 1867 1519 retulerat,
1912 1442 2285 1520 permittente
2316 1442 2448 1517 ipso
2477 1435 2814 1498 Turcaruni

639 1540 864 1599 domini
894 1539 1240 1597 administro
1260 1583 1276 1610 ‚
1322 1551 1386 1595 nt
1412 1539 1577 1597 idem
1597 1542 1953 1601 Lambecius
1982 1553 2230 1600 testatur
2269 1543 2663 1600 Commentar.
2702 1542 2812 1598 lib.

639 1646 681 1704 2
711 1663 764 1699 c.
793 1645 834 1704 9
859 1643 971 1698 col.
1004 1644 1127 1704 948
1158 1638 1298 1696 edit.
1329 1642 1559 1698 citatae.

808 1740 977 1814 Quod
1013 1760 1153 1798 vero
1200 1744 1280 1798 ait
1309 1743 1580 1800 Struvius
1627 1741 1702 1799 de
1741 1744 2105 1821 privatorum
2142 1742 2544 1816 bibliothecis,
2605 1740 2810 1800 dicen·-

643 1846 789 1903 dum
816 1855 907 1902 est
929 1846 1107 1901 etiam
1140 1841 1215 1900 de
1238 1863 1446 1902 museo
1471 1845 1803 1918 Trivultio‚
1864 1848 1928 1902 in
1969 1864 2086 1924 quo
2132 1855 2249 1901 tres
2289 1842 2520 1900 codices
2551 1846 2814 1901 existunt

638 1949 906 2022 insignes
923 1989 940 2019 ‚
1000 1947 1051 2002 si
1075 1947 1452 2003 membranas
1483 1949 1832 2025 scripturam
1871 1958 1929 2004 et
1952 1956 2190 2004 ornatus
2217 1946 2531 2022 praecipue
2559 1958 2812 2023 spectes,

542 2124 547 2129 .
638 2053 741 2129 qui
772 2047 1002 2126 depicta
1029 2046 1344 2104 ostendunt
1374 2059 1685 2105 stemmata
1719 2048 1886 2125 regui
1917 2049 2257 2124 Hungariae
2291 2057 2349 2102 et
2369 2042 2656 2123 praedicti
2684 2039 2813 2103 eins

645 2152 798 2227 regis
842 2148 1160 2223 Matthiae,
1237 2170 1348 2207 neo
1390 2170 1510 2208 non
1551 2148 1730 2208 huius
1780 2150 2137 2207 emblemata
2181 2149 2364 2203 varia.
2449 2158 2588 2204 sunt
2628 2146 2816 2206 iidem

643 2251 997 2331 praegrandi
1020 2252 1241 2324 forma,
1302 2262 1361 2309 et
1400 2253 1660 2331 cooperti
1687 2253 1861 2315 morio
1907 2265 2236 2329 purpureo,
2300 2251 2363 2303 in
2402 2268 2518 2330 quo
2545 2252 2818 2308 visuntur

646 2352 843 2412 adhuc
880 2356 1166 2432 impressa
1206 2351 1551 2412 huiusmodi
1594 2374 1830 2434 quoque
1869 2354 2126 2429 insignia
2166 2362 2400 2429 praeter
2438 2355 2602 2408 varia
2635 2372 2816 2411 aurea

644 2466 990 2513 ornamenta
1010 2499 1026 2529 ,
1072 2475 1278 2513 omnes
1306 2458 1506 2513 Latini
1538 2466 1596 2513 et
1626 2456 1863 2513 saeculo
1908 2454 1981 2517 15
2016 2453 2312 2532 descripti.
2397 2455 2460 2510 in
2496 2457 2677 2532 priori
2701 2453 2817 2512 ha·-

641 2558 856 2615 bentur
894 2558 1143 2616 Ioannis
1184 2558 1555 2616 Damasi-eni
1593 2559 1912 2616 sententiae
1926 2594 1949 2626 ,
2021 2558 2164 2614 item
2205 2553 2486 2613 Amelmi
2520 2557 2817 2635 archiepis*

643 2662 809 2735 scopi
851 2659 1293 2718 cantuarien-³125
1336 2661 1712 2738 monologion
1729 2697 1753 2729 ,
1811 2659 2072 2717 eiusdem
2107 2657 2426 2735 prologion
2441 2702 2466 2730 ,
2524 2680 2634 2717 cur
2670 2660 2820 2718 deus

644 2760 817 2816 homo
828 2795 855 2828 ,
913 2759 988 2815 de
1017 2764 1385 2835 processione
1418 2763 1484 2817 S.
1530 2762 1834 2835 Spiritus,
1888 2761 1962 2815 de
1982 2761 2348 2836 sermentato
2376 2769 2434 2813 et
2455 2762 2686 2831 azimo,
2744 2760 2821 2818 de

644 2861 952 2919 mluntate
993 2860 1219 2936 triplici
1252 2860 1352 2917 rel
1385 2860 1460 2916 cle
1494 2858 1989 2916 sienilitudinibzae
2001 2899 2028 2926 ,
2099 2857 2174 2914 de
2217 2867 2500 2932 conceptu
2532 2861 2821 2937 vib-ginis,

644 2963 719 3020 de
747 2965 1133 3019 sacramentis
1161 2960 1455 3016 ecclesiae.
1547 2961 1698 3018 alter
1735 2959 2145 3037 complectitur
2191 2958 2625 3019 Commentario
2660 2964 2821 3020 Por-

635 3064 934 3143 phirionis
980 3074 1038 3120 et
1075 3062 1339 3120 Act-onis
1391 3063 1458 3118 in
1510 3061 1892 3138 QHoratium
1941 3059 2250 3118 Flaccum.
2339 3063 2511 3119 tertio
2560 3062 2820 3147 denique

646 3166 1022 3224 continentur
1048 3164 1199 3222 haec
1214 3208 1230 3238 ,
1289 3182 1508 3243 nempe
1535 3162 1774 3220 Lae‘rtii
1800 3162 2093 3242 Diogenis
2116 3166 2273 3221 vitae
2298 3172 2479 3241 atque
2500 3169 2821 3224 sententiae

647 3288 848 3326 eorum
889 3270 997 3346 qui
1035 3269 1102 3324 in
1126 3265 1514 3343 philosopha:
1552 3265 1932 3336 claruerunt,
1991 3255 2326 3345 praemissa'
2348 3267 2596 3344 epistola
2627 3270 2816 3325 inter-

646 3372 827 3450 pretis
854 3370 1052 3426 Latini
1090 3370 1156 3424 F.
1186 3368 1485 3426 Ambrosii
1522 3368 1890 3425 Traversarii
1919 3368 2388 3436 camaldulensis
2430 3367 2508 3425 ad
2533 3370 2816 3428 Cosmum

644 3469 976 3543 Medicem3
1033 3470 1374 3527 Herodotus
1398 3470 1472 3527 de
1499 3471 1626 3527 vita
1655 3470 1948 3539 Homeri,
2005 3474 2100 3529 cui
2131 3475 2320 3552 praeit
2346 3472 2661 3548 Peregrini
2685 3470 2817 3528 Al-

645 3571 721 3628 lii
759 3573 1093 3651 interpretis
1140 3573 1446 3649 praefatio
1501 3571 1592 3629 ad
1638 3573 2037 3630 Laurentium
2089 3574 2422 3645 Medicem;
2506 3572 2821 3652 PVirg-ilii

647 3675 928 3730 Maronis
968 3676 1097 3732 vita
1121 3695 1232 3752 per
1267 3676 1580 3731 Donatum
1612 3677 2079 3752 grammaticum
2117 3676 2275 3732 edita
2285 3697 2312 3747 ,·
2369 3675 2528 3730 vitae
2551 3695 2817 3751 quorun-

645 3774 791 3832 dam
818 3776 1178 3833 Latinorum
1200 3777 1518 3853 poetarum
1548 3796 1590 3833 a
1616 3776 1953 3834 PCandido
1987 3776 2177 3833 editae
2185 3797 2211 3848 ,·
2260 3775 2581 3850 Pomponii
2608 3776 2680 3831 1η
2669 3775 2816 3852 J‘br-

648 3880 852 3934 tanati
882 3879 950 3934 in
983 3878 1314 3936 MAnnaei
1342 3878 1588 3936 Lucani
1621 3879 1811 3935 vitam
1821 3899 1850 3950 ,-
1907 3897 1978 3932 ex
2004 3873 2590 3933 enumerationibus
2619 3876 2817 3933 Euse-

649 3976 736 4034 bii
767 3978 843 4036 de
873 3978 1229 4055 temporibus
1251 4000 1363 4057 per
1402 3978 1797 4055 Olympiadas
1811 3976 2130 4054 poe'tarum
2156 3976 2530 4055 quorundam
2555 3977 2817 4035 Latino-

645 4102 783 4138 rum
824 4083 986 4140 vitae
996 4105 1022 4157 ;
1090 4081 1287 4141 Verba
1329 4078 1585 4138 MFabic·
1637 4080 1999 4156 Quintiliani
2035 4079 2109 4137 de
2146 4080 2510 4136 humatione
2555 4083 2816 4139 oratoria

612 4183 799 4246 ‚libro
823 4185 1047 4243 decimo
1073 4204 1211 4242 eum
1236 4183 1311 4241 de
1333 4180 1528 4259 poe'tis
1557 4182 1799 4238 Latinae
1825 4191 2063 4238 metat.
2153 4192 2271 4240 tres
2305 4181 2402 4239 isti
2435 4180 2666 4241 codices
2691 4203 2816 4243 mss

642 4287 985 4346 corviniani
1024 4284 1301 4344 videntur
1339 4281 1490 4342 mihi
1528 4283 1847 4362 praecipue
1888 4302 1967 4341 ex
2007 4279 2340 4340 charactere
2365 4280 2644 4363 descripti
2671 4282 2815 4342 Flo-

645 4391 905 4470 rentiae,
978 4405 1095 4473 qua
1139 4387 1204 4444 in
1244 4385 1390 4446 urbe
1433 4403 1543 4444 rex
1581 4382 1899 4464 Matthias,
1977 4395 2127 4446 teste
2172 4386 2410 4447 Stmvio
2458 4385 2590 4445 loco
2631 4402 2813 4462 cupra
