3210 5200
914 388 921 401 ’
999 442 1527 512 lonANNmos
1578 446 1736 512 Lm.
1785 447 1934 515 vn.
2417 450 2555 521 161

367 609 493 670 610
536 607 731 666 celsus
759 624 915 687 equo
941 605 1132 667 fidens
1153 609 1341 667 fertur
1365 630 1544 689 super
1572 605 1812 690 agmina
1841 602 2099 672 'Succurt

536 707 696 768 hunc
723 710 1015 768 Sulumur
1042 713 1329 789 sequitur,
1373 731 1553 791 quem
1580 733 1716 771 cum
1742 734 1858 771 non
1875 706 2179 792 'prendere
2211 730 2427 794 posset,

534 811 876 868 fraxineam
905 820 1184 891 torquens
1211 832 1320 890 per
1347 833 1586 892 campos
1615 817 1847 872 eminus
1883 812 2116 875 hastam

534 910 786 989 alipedis
812 910 1012 971 valido
1044 914 1480 971 transverberat
1509 917 1612 972 ilia
1646 916 1840 989 ferro;

530 1013 779 1069 vulnere
805 1032 924 1092 qno
955 1017 1145 1073 victus
1174 1016 1411 1093 sonipes
1438 1019 1729 1094 gravitate
1768 1021 1973 1077 ruinae

364 1113 489 1179 616
532 1115 826 1192 confregit
854 1114 1184 1175 dominum.
1266 1118 1418 1174 belli
1445 1120 1573 1176 sine
1597 1119 1846 1176 vulnere
1876 1120 2099 1179 Succnr

530 1217 835 1274 infelicem
863 1221 1126 1276 animam
1152 1220 1391 1297 Stygias
1414 1222 1741 1278 transmisit
1768 1219 1845 1277 ad
1874 1224 2135 1281 umbras.

531 1337 651 1375 non
679 1319 853 1376 illum
875 1320 1127 1377 salvavit
1156 1339 1344 1400 equus
1376 1321 1614 1378 levitate
1653 1342 1761 1400 per
1786 1320 2008 1396 hosteS,

533 1440 654 1501 qno
685 1421 799 1479 sibi
827 1419 969 1477 fisus
1006 1431 1130 1478 erat
1147 1464 1163 1494 ,
1206 1441 1317 1479 nec
1346 1422 1599 1481 fractum
1628 1426 1861 1481 conscia
1889 1428 2074 1484 virtus

532 1525 749 1602 eripuit
772 1522 911 1580 fatis
940 1532 1042 1579 aut
1069 1541 1236 1580 sacro
1271 1526 1517 1581 numine
1546 1526 1772 1584 Gurzil.

363 1625 491 1689 620
613 1625 893 1701 Armiger
919 1642 1059 1680 ense
1089 1634 1266 1702 caput
1291 1622 1549 1683 ductoris
1579 1629 1821 1686 nomine
1846 1631 2008 1688 Varti

531 1735 798 1803 amputat
828 1744 909 1782 ex
936 1722 1202 1783 humeris
1221 1770 1237 1799 ,
1286 1727 1682 1806 Plulinaeque
1707 1735 1900 1809 Astu,
1943 1731 2166 1791 Enerdi

530 1829 666 1884 Mee
684 1870 700 1901 ,
744 1828 1029 1885 Tiluzant
1057 1828 1295 1887 Dorotis
1323 1829 1481 1887 ferro
1506 1840 1684 1887 necat

531 1929 800 1987 exsecuit

529 2029 910 2109 cornipedem
936 2029 1189 2089 Anzatal
1214 2039 1345 2089 tmn
1375 2052 1613 2090 currens
1642 2036 1862 2093 Fastita
1890 2037 2022 2096 fixit

361 2132 487 2199 625
527 2132 755 2190 missile
784 2142 1067 2191 contorto.
1151 2134 1308 2212 fugit
1333 2135 1495 2193 illico
1522 2135 1690 2193 mille
1716 2155 1826 2215 per
1851 2134 2051 2196 hostes
2071 2184 2086 2214 ‚

527 2235 975 2314 permixtusque
1010 2235 1135 2292 suis

613 2338 904 2395 Carcasan
923 2379 939 2409 ,
989 2344 1154 2392 tanta
1186 2355 1505 2395 concussus
1539 2335 1720 2395 caede
1745 2356 2010 2413 auorum,

528 2460 635 2519 per
658 2436 890 2497 medios
918 2434 1121 2496 hostes
1147 2435 1405 2496 ductoris
1430 2440 1600 2516 signa
1624 2440 1891 2515 retorsit,

527 2543 693 2600 milia
721 2542 909 2598 multa
936 2537 1203 2597 trahens.
1288 2541 1630 2597 venientem
1657 2539 1811 2598 vidit

355 2649 485 2710 630
525 2644 701 2703 heros
733 2641 1174 2721 magnanimus,
1223 2643 1424 2700 felicia
1448 2643 1572 2700 tela
1598 2641 1895 2702 Iohannes

526 2749 806 2825 armigeri
831 2749 984 2825 rapit
1007 2748 1135 2823 ipse
1169 2765 1389 2819 manu,
1432 2745 1678 2825 piloque
1720 2745 2008 2824 superbus

524 2850 725 2923 irruit,
770 2847 1206 2929 adversumque
1232 2849 1383 2926 petit
1407 2867 1515 2927 per
1542 2849 1792 2905 vulnera

526 2960 586 3009 et
610 2952 748 3009 ferit
769 2950 1118 3031 intrepidus.
1204 2951 1446 3029 sangnis
1472 2969 1582 3028 per
1603 2950 1725 3007 tela
1758 2953 2011 3008 cucurrit

524 3054 771 3112 vulnere
799 3074 1034 3113 summa
1068 3055 1285 3126 fluenti,
1329 3064 1644 3133 vestesque
1671 3055 1928 3131 aspergit
1956 3051 2194 3113 heriles.

354 3155 482 3224 685
526 3158 830 3235 extemplo
861 3156 1131 3213 turbatae
1160 3156 1315 3212 acies
1344 3164 1629 3234 pereunte
1667 3165 1918 3233 tyranno

526 3257 922 3316 Marmaridae
946 3260 1169 3337 petiere
1198 3257 1423 3333 fugam.
1510 3259 1635 3313 iam
1657 3256 1859 3313 nullus
1894 3259 1955 3313 in
1979 3254 2214 3317 hostem

527 3363 806 3420 contorsit
831 3360 1056 3433 telum,
1102 3356 1209 3417 sed
1238 3358 1396 3415 laxis
1425 3358 1612 3415 fertur
1639 3354 1888 3415 habenis

530 3484 759 3522 currere
787 3463 1127 3540 compulsus
1155 3462 1412 3539 sonipes.
1496 3478 1609 3516 nec
1632 3457 1813 3516 fidere
1843 3462 2047 3518 castris

527 3566 650 3623 iam
677 3568 870 3644 potuit
894 3567 1230 3622 Nasamon:
1287 3563 1442 3619 latos
1475 3563 1797 3619 moriturus
1824 3564 1885 3617 in
1914 3580 1942 3615 a
1950 3580 2086 3637 gros

356 3665 485 3731 640
527 3668 705 3724 currit
731 3686 913 3747 eques
942 3669 1286 3744 mixtusque
1314 3661 1519 3744 pedes.
1589 3652 2215 3741 Romana'sequuutnr

525 3769 698 3845 signa
729 3766 1026 3848 ducesque
1059 3766 1273 3839 simul,
1318 3768 1550 3822 numeri
1577 3764 1882 3845 fortesque
1911 3765 2167 3839 tribuni3

525 3878 585 3925 et
611 3869 801 3929 laetus
830 3874 1050 3950 pariter
1075 3869 1241 3927 felici
1262 3869 1451 3925 Marte
1478 3865 1775 3926 Iohannes

524 3981 661 4028 ante
691 3974 882 4048 volat,
927 3972 1142 4030 densas
1167 3979 1436 4027 stomens
1459 3989 1568 4048 per
1594 3980 1764 4049 prata
1799 3980 2082 4028 catervas.

527 4074 739 4151 planus
767 4085 892 4132 erat
917 4093 1191 4153 campus,
1237 4070 1390 4128 liber
1418 4091 1536 4151 quo
1562 4092 1793 4129 currere
1821 4082 2019 4149 posset
2441 4095 2472 4134 ο

347 4172 480 4240 645
521 4176 694 4234 miles
733 4187 792 4234 et
821 4176 1086 4234 infensas
1108 4172 1244 4232 telis
1272 4171 1574 4264 effundere
1596 4184 1843 4232 turmas.

345 4326 454 4379 611
505 4323 620 4377 dum
666 4325 811 4396 opud
853 4324 920 4378 M
1120 4325 1224 4378 622
1252 4321 1473 4377 dorozia.
1682 4324 1784 4379 632
1835 4331 1949 4394 pont
2000 4323 2206 4377 vulnera
2251 4323 2313 4376 M
2345 4328 2540 4393 poclm.

342 4395 460 4448 640
493 4393 744 4449 Romana
766 4401 1006 4464 equester
1027 4393 1169 4464 opud
1192 4392 1267 4445 M.
