3210 5200
850 419 941 484 ΙΝ
989 415 1519 485 IOHANNIDOS
1570 417 1701 486 VII
1747 419 2051 487 NOTAE.
2410 423 2558 493 285

358 588 653 647 Ριυεοιίία
684 585 1013 665 reformata
1048 586 1360 658 Ricciolii,
1405 585 1509 642 ubi
1538 587 1752 642 citatur
1777 606 1885 665 pro
1917 584 2131 644 eadem
2157 588 2387 668 syllaba
2417 610 2564 668 pro-

358 673 534 732 ducta
579 674 829 730 unicum
882 672 1232 748 exemplum
1276 673 1581 750 Baptistae
1624 673 1968 747 Mantuani,
2031 675 2198 778 cuius
2244 679 2561 758 auctoritas

356 779 478 817 non
515 760 721 835 magui
759 765 850 813 est
880 754 1177 813 facienda.

527 842 673 906 442.
760 843 928 919 Virg.
987 840 1205 919 Georg.
1262 845 1302 905 3
1357 843 1477 904 88:
1545 838 1733 897 solido
1779 862 1926 918 grat
1930 843 2052 898 iter
2104 854 2276 936 conat
2327 844 2565 924 ungula

359 950 563 987 coma

530 1008 676 1078 444.
761 1012 927 1087 Virg.
956 1008 1114 1066 Aen.
1148 1012 1187 1073 6
1230 1010 1387 1073 881·
1431 1029 1536 1066 eeu
1566 1011 1908 1087 spumantis
1937 1031 2072 1089 equi
2063 1010 2329 1090 chleret
2354 1013 2561 1072 calca-

360 1098 527 1156 ribus
551 1118 768 1154 armos.

530 1179 672 1247 448.
760 1181 921 1256 Virg.
946 1178 1105 1237 Aen.
1147 1178 1180 1239 1
1229 1174 1380 1242 144·
1402 1178 1539 1236 illa
1568 1200 1630 1237 se
1661 1183 1840 1238 iactet
1866 1181 1931 1238 in
1960 1181 2110 1238 aula
2134 1180 2380 1239 Aeolus.
2441 1201 2567 1241 non

360 1272 684 1342 incongrue
726 1275 860 1342 post
862 1224 1225 1340 ”virgilium
1260 1274 1463 1320 noster
1501 1270 1680 1368 pp'e'ta
1726 1275 2043 1323 ventorum
2075 1265 2324 1325 domum
2352 1266 2564 1324 aulam

364 1354 653 1433 appellat:
701 1362 789 1407 est
817 1350 995 1447 enim!
1008 1347 1187 1417 aula,
1219 1349 1443 1405 Graece
1472 1343 1651 1429 αὐλή,
1679 1361 1745 1407 ut
1773 1351 1974 1408 scribit
2003 1349 2347 1409 Athenaeus
2376 1351 2483 1409 lib.
2501 1351 2561 1426 6,

362 1437 399 1501 o‘
446 1430 882 1513 διαπνεόμενος
924 1427 1146 1508 τόπος,
1192 1432 1359 1490 locus
1401 1453 1622 1512 nempe
1668 1432 1962 1492 subdiales
1992 1457 2068 1491 ac
2093 1436 2444 1514 perflatilia,
2486 1437 2561 1495 ab

361 1547 482 1601 am,
528 1520 591 1578 id
622 1531 710 1578 est
721 1521 841 1596 flo

530 1607 674 1670 463.
772 1604 1147 1683 Varianam]
1198 1603 1467 1681 suspicor
1509 1600 1670 1660 hunc
1709 1623 1836 1662 esse
1882 1602 2142 1662 eundem
2172 1608 2450 1664 Maurum
2484 1604 2558 1663 de

365 1711 483 1773 quo
524 1701 612 1748 est
648 1691 872 1747 mentio
918 1708 1095 1767 supra
1131 1689 1174 1752 4
1214 1688 1370 1762 964,
1416 1688 1519 1744 ubi
1568 1692 1762 1767 reperi
1807 1690 2178 1748 Vae-riualem
2221 1693 2403 1749 etiam
2442 1690 2561 1750 du·-

364 1778 507 1856 plici
540 1797 623 1834 rr.

536 1864 679 1926 470.
765 1860 896 1917 val.
921 1859 1086 1914 Max.
1117 1858 1157 1920 8
1204 1859 1284 1920 10
1324 1861 1403 1920 3.
1449 1855 1625 1913 millu
1657 1860 1894 1915 remisso
1923 1869 1981 1915 et
2006 1859 2304 1938 languida
2331 1881 2487 1918 voce.

534 1945 678 2010 484.
765 1944 1158 2022 mansuescit]
1207 1942 1486 2020 exempla
1528 1939 1709 2001 huius
1745 1945 1912 2001 verbi
1963 1947 2152 2002 active
2195 1949 2451 2026 sumpti,
2497 1955 2562 2004 ut

367 2035 543 2111 supra
576 2051 633 2088 v.
662 2031 822 2104 258,
869 2049 999 2086 rara
1036 2037 1173 2086 sunt
1204 2025 1365 2106 apud
1393 2026 1851 2105 lexicographos
1880 2031 2148 2090 Latinos.

534 2116 679 2181 494.
769 2135 849 2173 ex
880 2114 1061 2171 verbo
1096 2112 1375 2182 Ιιιιηιὶἱιο,
1422 2133 1540 2191 quo
1580 2123 1818 2191 praeter
1849 2117 2165 2215 scriptores
2201 2115 2566 2175 ecclesiasti·-

367 2222 465 2261 cos
513 2203 708 2260 omnis
751 2202 916 2273 aevi,
961 2196 1103 2255 inde
1153 2218 1186 2256 a
1228 2199 1640 2271 TertullianO,
1686 2200 1809 2256 imo
1836 2219 1867 2256 a
1897 2203 2090 2277 primo
2119 2201 2354 2258 saeculo
2389 2197 2565 2258 Chri-

367 2291 559 2346 stiano
606 2288 667 2343 in
715 2304 833 2364 quo
875 2284 1139 2361 perfecta
1179 2284 1294 2341 fuit
1335 2284 1577 2362 antiqua
1613 2288 1808 2341 versio
1848 2284 2182 2342 Bibliorum
2225 2285 2564 2358 Sacrorum,

370 2392 516 2429 usus
551 2381 639 2428 est
674 2373 855 2427 etiam
884 2372 1238 2425 Ammianus
1268 2369 1681 2441 Marcellinus,
1726 2370 1869 2426 fecit
1898 2381 2103 2427 noster
2130 2377 2308 2448 poeta
2338 2369 2568 2428 humile

373 2457 449 2514 ob
486 2457 662 2512 metri
700 2457 952 2532 gratiam
984 2465 1114 2510 tum
1142 2451 1257 2511 hoc
1288 2455 1402 2510 loci
1426 2464 1558 2510 tum
1583 2458 1625 2517 7
1662 2453 1812 2519 464.
1902 2452 2216 2534 desumpta
2248 2464 2336 2512 est
2367 2465 2571 2512 autem

371 2539 524 2599 haec
563 2542 856 2600 sententia
898 2558 977 2596 ex
1012 2542 1112 2597 ΡΒ.
1150 2541 1230 2602 88
1280 2540 1398 2600 11:
1442 2549 1511 2595 tu
1555 2537 1915 2612 humiliasti,
1960 2543 2116 2597 sicat
2159 2540 2569 2610 vulneratum,

368 2625 713 2705 superbum:
760 2629 825 2683 in
864 2623 1104 2682 brachio
1142 2626 1380 2681 virtutis
1424 2635 1563 2681 tuae
1607 2624 1774 2702 (vel,
1819 2636 1886 2684 ut
1919 2628 1982 2683 in
2009 2627 2187 2705 psalt.
2215 2624 2565 2702 Mediolan.,

372 2718 426 2769 et
456 2714 523 2771 in
550 2715 762 2770 virtulo
790 2709 1023 2766 brachii
1049 2708 1177 2787 tui)
1223 2709 1548 2786 dispersisti
1573 2711 1844 2769 inimicos
1874 2722 2023 2770 tuos.

541 2796 687 2862 499.
774 2794 998 2853 lumine
1025 2805 1188 2851 torvo
1210 2796 1374 2872 Virg.
1403 2795 1560 2853 Aen.
1591 2799 1630 2859 8
1676 2799 1822 2861 677.

540 2885 683 2947 508.
770 2890 909 2937 ante
952 2879 1161 2937 tabam
1205 2878 1270 2935 id
1313 2890 1400 2938 est
1446 2892 1586 2937 ante
1623 2882 1925 2958 proelium
1937 2924 1963 2953 ,
2032 2892 2101 2939 ut
2145 2884 2567 2961 interpretatur

370 2970 441 3025 P.
468 2966 682 3033 Pii-rho
708 2964 959 3023 eandem
991 2964 1260 3044 phrasim
1286 2964 1446 3043 apud
1473 2966 1786 3025 claudian.
1815 2968 1923 3026 lib.
1948 2973 1979 3031 1
2013 2969 2080 3025 in
2097 2989 2202 3046 pr.
2239 2988 2397 3025 cone.
2439 2967 2568 3024 Sa·-

372 3052 513 3110 liclz.
548 3074 653 3112 seu
683 3072 867 3109 carm.
901 3053 983 3115 21
1032 3053 1173 3115 192.

541 3138 688 3203 524.
772 3137 972 3217 valde]
1017 3137 1267 3196 fortasse
1295 3146 1564 3219 tempore
1591 3139 1834 3218 Corippi
1859 3138 2078 3197 ultima
2097 3134 2364 3196 adverbii
2387 3135 2567 3195 valde

373 3226 816 3303 corripiebatur.

544 3309 686 3374 530.
776 3309 1223 3379 Maximianus,
1264 3325 1484 3386 nempe
1516 3306 1874 3382 Herculeus,
1922 3305 1996 3365 de
2025 3326 2143 3388 quo
2165 3305 2305 3366 vide
2335 3309 2370 3369 1
2418 3304 2567 3373 480.
2595 3356 2598 3361 .

545 3395 690 3458 586.
774 3414 881 3472 pro
913 3414 997 3450 an
1022 3413 1101 3450 ex
1128 3403 1239 3450 aut
1260 3401 1455 3472 potest
1481 3392 1605 3469 legi
1635 3391 1828 3464 haud5
1871 3391 1980 3450 sed
2005 3404 2146 3451 tunc
2173 3390 2569 3451 omittendum

381 3489 535 3536 esset
564 3491 851 3556 punctum
881 3480 1332 3556 interrogantis,
1381 3475 1545 3556 quod
1577 3478 1790 3533 visitur
1825 3480 2006 3533 etiam
2035 3479 2100 3533 in
2133 3476 2357 3535 codice.
2444 3477 2573 3534 for-

376 3573 535 3621 tasse
568 3563 718 3622 illud
745 3566 971 3626 acrive,
1015 3561 1180 3644 quod
1206 3563 1429 3640 legitur
1452 3564 1514 3618 in
1545 3560 1747 3619 codice
1776 3562 1908 3639 ipso
1927 3605 1943 3635 ‚
1990 3571 2048 3619 et
2085 3564 2402 3619 immutare
2448 3580 2572 3621 non

379 3668 557 3707 ausus
594 3668 760 3724 sum,
810 3668 947 3706 cum
985 3652 1253 3707 nesciam
1296 3645 1444 3727 quid
1475 3666 1583 3724 pro
1613 3667 1683 3703 ea
1709 3665 1854 3703 voce
1884 3648 1961 3703 sit
1993 3646 2434 3725 reponendum,
2481 3658 2573 3706 est

379 3754 457 3791 ex
488 3737 714 3793 Graeco
740 3727 1018 3817 ἀκριβής,
1052 3735 1400 3813 exquisitim,
1433 3741 1779 3801 accuratus,
1811 3731 2087 3811 diligens,
2155 3750 2301 3789 sane
2324 3733 2388 3789 in
2414 3733 2574 3790 Pro—

376 3820 544 3877 sodia
574 3821 902 3899 reformata
930 3830 1169 3877 auctore
1198 3822 1245 3876 1.
1274 3821 1345 3875 B.
1368 3818 1695 3924 Ricciplio‚
1740 3819 2029 3896 impressa
2072 3817 2378 3879 Bononiae
2417 3837 2575 3876 anno

380 3904 578 3978 1655,
621 3908 842 3985 legitur
866 3906 1099 3963 acrivia
1129 3904 1471 3983 diligentia,
1517 3897 1814 3983 ἀκρίβεια,
1847 3903 2055 3980 prima
2086 3905 2439 3974 communis,
2481 3923 2576 3962 ae-

380 3987 582 4044 cunda
610 4001 664 4045 et
689 3994 859 4049 tertia
884 3992 1091 4069 longa.
1184 3991 1331 4046 item
1355 3989 1452 4045 Du
1477 3988 1721 4066 Gange
1706 4008 1769 4044 m
1810 3987 2116 4046 Glossario
2142 3988 2372 4046 mediae
2396 4000 2454 4045 et
2477 3992 2575 4046 in-

363 4071 431 4143 s
405 4091 560 4128 mae
601 4074 954 4133 Latinitatis
997 4074 1215 4132 habet:
1260 4075 1544 4131 acn'vioee
1576 4084 1882 4144 accurate,
1926 4094 1996 4130 ex
2034 4073 2264 4132 Graeco
2291 4069 2577 4154 ἆκριβως,

384 4157 641 4254 citatque
675 4159 976 4217 Isidorum
1000 4162 1329 4218 Pacensem
1359 4160 1697 4236 eptae-opum
1723 4157 1952 4217 saeculi
1976 4162 2044 4231 8,
2088 4162 2196 4239 qui
2224 4180 2296 4217 ea
2324 4179 2468 4217 usus
2488 4166 2576 4215 eet

380 4259 522 4298 voce
552 4242 617 4296 in
661 4240 970 4302 Chronico.

546 4326 687 4383 Lm.
711 4331 753 4390 7
781 4347 840 4386 V.
873 4330 934 4390 9.
1022 4330 1087 4388 in
1127 4339 1300 4389 textu
1341 4330 1563 4408 legitur
1588 4347 1906 4406 praec-epe,
1948 4326 2057 4387 sed
2095 4327 2365 4386 additum
2393 4335 2482 4383 est
2504 4325 2570 4383 in

370 4410 649 4490 'margine
678 4411 765 4471 al.
786 4430 1064 4493 praepes.
1153 4412 1310 4475 hanc
1328 4435 1475 4478 «vero
1500 4432 1713 4478 vocem
1739 4415 1986 4498 requirit
2014 4416 2165 4474 ratio
2193 4431 2400 4476 versus
2421 4430 2569 4494 prae
