3210 5200
949 394 1266 466 IUSTINI
1317 395 1677 467 Mmoms
1727 396 1884 465 L'IB.
1931 397 1985 464 1.

533 583 668 623 cara
693 583 804 643 per
826 564 1177 622 exanimum
1199 563 1573 623 circumdans
1600 562 1845 623 brachia
1878 583 2090 643 corpus

364 666 491 731 260
533 686 670 724 cum
699 666 958 723 lacrimis
987 667 1251 724 Iustinus
1277 669 1360 725 ait
1376 659 1541 725 “lux
1564 667 1731 725 urbis
1759 677 1817 724 et
1848 668 2030 740 orbis,

531 770 861 824 Iustiniane
887 777 1086 845 pater,
1139 764 1422 826 dilectam
1450 766 1675 827 deseris
1700 766 1944 826 aulam?

531 878 814 945 cognatos
841 868 1100 930 famulos
1135 879 1194 926 et
1224 878 1422 928 tantos
1448 871 1677 949 linquis
1704 870 1980 927 alumnos
1995 867 2029 927 ’ἴ

533 972 865 1028 contemnis
891 967 1119 1028 terras?
1163 970 1320 1029 fesso
1357 990 1479 1029 non
1509 973 1799 1050 prospicis
1823 968 1999 1029 orbi?

533 1090 610 1128 eu
632 1073 858 1130 Avares
885 1073 1214 1151 Francique
1239 1081 1436 1131 truces
1465 1071 1845 1151 Gepidesque
1881 1074 2186 1151 Getaeque

362 1172 490 1240 255
532 1183 737 1253 totque
766 1175 918 1230 aliae
947 1184 1156 1251 gentes
1182 1176 1492 1234 commotis
1522 1172 1785 1254 undique
1814 1176 2000 1252 signis

532 1276 690 1332 bella
714 1287 987 1333 movent:
1014 1251 1153 1355 ‘qua
1181 1276 1243 1331 vi
1273 1285 1471 1333 tantos
1498 1277 1911 1354 superabimus
1945 1274 2166 1348 hostes,

532 1396 669 1434 cmn
696 1379 882 1435 virtus
908 1379 1180 1436 Romana
1199 1378 1355 1434 iacet
1369 1371 1427 1435 ‘l'
1432 1371 1449 1397 '
1532 1375 1686 1435 haee
1714 1379 1897 1456 patris
1928 1396 2130 1435 amore

531 1480 712 1537 verba
736 1478 1095 1558 loquebatur
1117 1479 1468 1538 lacrimans:
1510 1498 1656 1537 nam
1682 1490 1918 1558 pectore
1947 1489 2071 1536 toto

529 1580 827 1638 bellormn
855 1583 978 1638 iam
1004 1599 1145 1637 cura
1171 1582 1320 1654 fuit3
1355 1583 1480 1638 iam
1508 1583 1679 1659 signa
1710 1580 2012 1660 ducesque

363 1684 489 1746 260
532 1679 841 1761 dispositi,
884 1683 1104 1740 classes
1122 1725 1140 1756 ,
1185 1685 1375 1756 acies,
1420 1686 1749 1757 exercitus,
1793 1702 1957 1741 arma

533 1785 780 1842 consilio
805 1780 1113 1842 moderata
1142 1802 1299 1843 novo
1329 1786 1626 1866 taciteque
1648 1795 1875 1863 parata.

532 1886 745 1944 lustini
769 1896 918 1943 nutu
946 1895 1155 1962 gentes
1185 1895 1244 1942 et
1267 1903 1452 1962 regua
1478 1888 1859 1944 tremisctmt:

498 1989 503 1995 ⁴
530 1988 728 2044 onmia
759 1988 1034 2044 terrificat
1066 1984 1293 2063 rigidus
1325 1989 1514 2065 vigor.
1597 1984 1699 2045 hic
1725 1989 2010 2066 pietatem

532 2087 790 2147 ostendit
810 2099 1021 2147 natura
1048 2108 1252 2161 suam,
1296 2089 1641 2168 iustumque
1675 2088 1943 2148 dolorem

361 2191 485 2256 265
528 2189 748 2249 divinis
775 2193 992 2249 animis
1020 2191 1175 2248 nulli
1205 2191 1503 2249 evitabilis
1534 2193 1706 2249 auxit

532 2295 724 2352 carnis
753 2291 1022 2352 condicio
1039 2336 1056 2366 ‚
1108 2295 1335 2351 cunctis
1360 2294 1711 2351 mortalibus
1737 2311 1950 2372 aequa.

530 2392 632 2452 hic
657 2397 847 2473 pietas
874 2393 1178 2453 laudanda
1202 2396 1316 2452 viri
1343 2403 1433 2451 est
1460 2412 1815 2472 semperque
1849 2390 2137 2449 canenda.

532 2496 740 2572 dicite,
787 2499 922 2576 quis
948 2494 1266 2554 hominum
1293 2496 1555 2552 lacrimis
1586 2497 1668 2552 ita
1696 2496 1884 2573 possit
1910 2495 2128 2550 amaris

533 2600 672 2658 flere
699 2600 860 2659 senis
884 2595 1187 2657 mortem?
1233 2598 1403 2674 regni
1427 2616 1731 2654 successor
1752 2606 1811 2654 et
1836 2593 2009 2654 heres

364 2706 490 2767 270
531 2704 783 2781 imperat
811 2713 871 2760 et
896 2699 1093 2760 dolet:
1134 2700 1455 2778 imperium
1482 2699 1749 2777 proferre
1779 2699 2010 2776 parenti

531 2805 739 2862 mallet
763 2821 945 2883 quam
970 2804 1140 2880 regui
1167 2803 1420 2875 solium,
1466 2820 1648 2881 quam
1678 2811 1905 2880 sceptra
1940 2812 2164 2861 tenore.

614 2909 738 2964 Nec
760 2909 959 2965 minus
980 2905 1217 2985 imperii
1238 2913 1475 2980 gratum
1499 2913 1730 2981 patrem
1758 2906 1960 2962 inclita
1985 2925 2221 2965 consors

534 3007 742 3082 flebat,
789 3020 848 3067 et
879 3006 1205 3066 humanam
1233 3016 1456 3064 sortem
1485 3008 1704 3084 pietate
1734 3005 1995 3066 dolebat.

532 3112 837 3192 exsequiis
866 3108 1046 3167 adicit
1076 3110 1250 3168 solito
1281 3110 1419 3188 plus
1446 3107 1603 3167 dona
1629 3113 1921 3187 paternis,

362 3209 487 3274 275
527 3214 734 3292 ireque
761 3221 1085 3270 contractas
1117 3207 1303 3269 denso
1329 3212 1494 3269 iubet
1522 3213 1760 3288 agmine
1783 3213 2007 3270 turbas.

532 3324 591 3372 et
621 3314 758 3372 tulit
783 3316 1081 3371 intextam
1107 3314 1365 3389 pretioso
1393 3316 1621 3371 murice
1651 3324 1898 3388 vestem,

535 3418 1000 3473 Iustinianorum
1026 3415 1210 3471 series
1237 3414 1340 3470 ubi
1366 3425 1490 3473 tota
1512 3415 1785 3473 laborum

533 3528 672 3575 neto
704 3537 847 3575 auro
878 3516 1158 3592 insignita
1188 3514 1302 3572 fuit
1330 3520 1704 3597 &mirumne
1733 3537 1995 3576 corusca.

534 3620 657 3677 illic
685 3619 1019 3676 barbaricas
1039 3617 1197 3674 flexa
1223 3620 1449 3676 cervice
1474 3617 1826 3697 phalanges,

363 3723 489 3787 280
530 3723 755 3780 occisos
788 3738 958 3798 reges
986 3719 1396 3800 subiectasque
1428 3719 1636 3779 ordine
1662 3730 1871 3798 gentes

533 3826 723 3901 pictor
752 3842 862 3881 acu
889 3822 1053 3878 tenui
1079 3823 1270 3880 multa
1297 3824 1657 3881 formaverat
1684 3831 1831 3880 arte.

533 3925 753 3983 fecerat
782 3935 840 3983 et
867 3924 1103 3982 fulvum
1142 3923 1361 3982 distare
1396 3924 1693 3983 coloribus
1715 3943 1947 3998 aurum,

533 4028 728 4085 omnis
757 4037 824 4084 ut
845 4029 1139 4106 aspiciens
1165 4045 1238 4082 ea
1260 4045 1505 4103 corpora
1533 4046 1672 4084 vera
1697 4036 1968 4104 putaret:

535 4129 763 4208 effigies
791 4148 933 4187 auro
950 4172 968 4202 ,
1011 4133 1256 4205 sanguis
1288 4126 1630 4206 depingitur
1659 4138 1840 4186 ostro.

365 4229 492 4294 285
536 4231 734 4308 ipsum
760 4241 963 4289 autem
983 4231 1047 4287 in
1072 4229 1272 4290 media
1300 4232 1586 4288 victorem
1608 4231 1886 4309 pinxerat
1919 4229 2055 4288 aula

535 4330 717 4390 effera
744 4332 1055 4394 Vandalici
1081 4333 1410 4391 calcantem
1437 4331 1591 4391 colla
1620 4333 1898 4430 tyranni3

2417 395 2558 464 173
