3210 5200
659 404 812 477 186
1263 403 1598 473 CORIPPI
1643 403 1760 470 DE
1808 402 2219 470 LAUDIBUS

822 571 946 630 iam
969 569 1156 630 servis
1184 590 1457 629 succurre
1482 571 1624 628 tuis.
1706 587 1816 628 nos
1839 579 2044 627 nostra
2071 560 2299 626 iube'nti

657 677 784 739 370
826 670 1187 731 credidimus
1218 671 1485 729 domino.
1568 670 1740 728 vobis
1771 673 1905 749 quis
1931 680 2125 727 vestra
2155 674 2423 747 negaret,

825 796 964 833 cum
985 784 1245 832 vestrum
1268 784 1357 832 est
1379 770 1540 852 quod
1559 770 1819 829 mundus
1835 769 2015 828 habet
2028 769 2059 828 ’Ξ
2090 772 2225 845 scis,
2255 787 2488 828 summe
2504 776 2834 845 regentum,

825 878 1062 957 publica
1088 874 1234 956 quid
1263 886 1453 933 vestro
1481 874 1710 951 prosint
1737 874 2089 930 commercia
2121 872 2285 929 fisco.

827 977 986 1037 unde
1011 977 1231 1035 tributa
1260 977 1379 1032 tuis
1404 971 1725 1032 succedent
1752 993 1949 1031 annua
1981 972 2178 1046 rebus,

828 1080 1061 1139 deficiet
1092 1080 1143 1137 si
1172 1087 1374 1134 nostra
1403 1070 1665 1132 manus?
1750 1072 1861 1130 tibi
1891 1075 2110 1130 militat
2138 1092 2315 1129 omne

657 1182 782 1250 375
826 1180 988 1264 quod
1016 1182 1309 1259 gerimus:
1352 1196 1493 1250 nos,
1538 1195 1693 1256 quae
1721 1184 1824 1231 tua
1853 1183 2021 1248 sunt,
2062 1176 2291 1251 privata
2325 1191 2627 1231 vocamus.

822 1288 931 1345 vix
961 1284 1132 1341 nobis
1162 1283 1319 1339 vitae
1350 1287 1621 1337 constant
1652 1278 1934 1334 alimenta
1965 1274 2212 1333 diurnae

826 1387 1094 1460 afflictis,
1139 1403 1292 1464 quae
1318 1384 1500 1460 longa
1529 1377 1659 1438 dies
1688 1379 1985 1456 longoque
2011 1378 2215 1435 labore

826 1510 954 1549 sors
985 1490 1247 1568 quaerit,
1291 1500 1627 1564 parvosque
1657 1480 1820 1538 cibos
1850 1480 1959 1536 s'ub
1989 1489 2161 1536 nocte
2191 1470 2491 1558 reponit.'’

829 1592 969 1648 flere
999 1588 1103 1647 diu
1123 1598 1322 1646 tantos
1349 1586 1610 1643 lacrimis
1636 1601 1757 1640 non
1784 1600 1994 1659 passus
2022 1581 2249 1638 acerbis

660 1696 785 1757 380
827 1689 1129 1750 condoluit
1152 1690 1442 1747 miserans
1460 1730 1476 1761 ‚
1523 1696 1581 1743 et
1610 1705 1675 1743 se
1699 1685 1918 1761 pietate
1947 1682 2184 1759 subegit

824 1793 1059 1871 legibus
1091 1793 1248 1850 ultro
1275 1790 1420 1848 suis.
1494 1779 1735 1844 “aliena
1761 1775 2061 1862 pecunia”
2102 1781 2258 1839 dixit

816 1889 1162 1954 “reddenda
1192 1900 1281 1949 est
1298 1934 1314 1965 ,
1363 1891 1534 1947 vivus
1563 1890 1718 1968 patri
1745 1888 1852 1967 qui
1878 1886 2136 1944 substitit
2161 1876 2409 1943 heres.”

823 1994 1132 2055 thesauros
1157 1992 1291 2051 fidis
1321 1994 1579 2070 privatos
1608 1991 1764 2047 ferre
1789 1985 2077 2044 ministrIs

817 2103 1092 2181 imperat.
1176 2099 1525 2155 innumerae
1551 2110 1701 2149 mox
1726 2087 2020 2146 advenere
2047 2095 2314 2144 catervae

651 2203 778 2270 385
818 2204 992 2263 fortia
1021 2202 1285 2259 centenis
1310 2206 1586 2255 oneratae
1615 2189 1858 2251 brachia
1885 2190 2075 2247 libris.

823 2304 1147 2384 deposuere
1177 2299 1474 2371 humeris3
1517 2306 1749 2354 turmae
1777 2295 2184 2371 glomerantur
2206 2289 2271 2346 in
2296 2306 2503 2362 unum,

818 2418 880 2466 et
907 2416 1065 2464 totus
1087 2406 1223 2463 fuso
1250 2403 1437 2459 circus
1465 2393 1832 2477 resplenduit
1859 2412 2024 2451 auro.

819 2522 958 2570 tunc
983 2510 1178 2588 posita
1209 2507 1435 2563 ratione
1463 2500 1667 2579 palam
1685 2542 1701 2572 ‚
1742 2497 2084 2576 populoque
2116 2490 2377 2567 vidente,

819 2611 1017 2670 debita
1045 2610 1330 2689 persolvit
1361 2604 1678 2684 genitoris,
1725 2611 1897 2659 cauta
1922 2595 2166 2674 recepit.

648 2719 776 2781 390
817 2712 1034 2794 gaudia
1061 2721 1281 2793 quanta
1304 2710 1460 2781 illic,
1505 2714 1762 2786 quantus
1789 2698 1989 2759 favor!
2035 2697 2301 2776 undique
2328 2695 2519 2753 laetus

817 2818 1048 2874 tollitur
1080 2816 1141 2869 in
1178 2812 1409 2870 caelum
1436 2808 1795 2887 populorum
1826 2805 2052 2861 clamor
2076 2808 2384 2858 ovantum.

816 2920 1111 2975 mirantur
1137 2930 1408 2992 proceres
1424 2954 1440 2983 ,
1481 2910 1774 2965 mirantur
1799 2905 1941 2961 talia
1964 2901 2192 2981 plebes.

819 3017 961 3077 hinc
986 3017 1151 3075 rutili
1178 3016 1379 3072 lucent
1403 3008 1623 3068 chartis
1649 3004 1991 3064 ardentibus
2017 3003 2210 3078 ignes,

821 3119 962 3180 hinc
986 3116 1176 3176 radiat
1202 3115 1437 3173 fulvum
1465 3120 1808 3170 concertans
1836 3104 2073 3186 ignibus
2099 3121 2334 3160 aurum.

653 3225 778 3291 395
819 3221 962 3281 hinc
991 3219 1222 3278 chartas
1250 3218 1505 3276 flammis
1536 3215 1849 3292 subigunt,
1891 3208 2033 3269 hinc
2059 3203 2322 3285 pondere
2347 3205 2514 3263 fusos

821 3331 1160 3403 exaequant
1185 3317 1407 3380 solidos
1427 3363 1443 3393 ,
1489 3328 1548 3376 et
1572 3318 1809 3374 lancem
1835 3314 2053 3393 pollice
2084 3311 2347 3388 pulsant.

814 3436 957 3484 tunc
986 3424 1213 3483 sinibus
1247 3424 1442 3503 plenis
1469 3421 1690 3478 abeunt
1707 3462 1723 3492 ‚
1767 3419 2134 3497 quaestuque
2158 3414 2448 3486 laborant,

818 3531 1107 3609 elatisque
1137 3527 1325 3585 oculis
1351 3544 1459 3603 pro
1493 3525 1615 3580 vita
1641 3519 1924 3599 principis
1959 3526 2148 3576 orant.

684 3695 691 3706 ,
813 3634 1033 3711 largior
1055 3634 1331 3688 inventus
1364 3637 1535 3707 pater
1561 3634 1652 3682 est
1670 3668 1687 3697 ‚
1734 3622 2082 3679 clementior
2103 3615 2288 3692 idem,

641 3736 766 3803 400
807 3737 909 3815 qui
941 3737 1157 3791 virtute
1188 3733 1374 3789 animi
1398 3738 1665 3808 mentem
1692 3725 1939 3782 calcavit
1961 3719 2246 3797 habendi,

808 3836 1049 3916 publica
1072 3837 1301 3914 privato
1332 3851 1468 3889 cum
1494 3829 1694 3888 debita
1725 3824 1997 3885 redderet
2030 3843 2174 3881 auro

809 3949 1019 4018 sponte
1049 3955 1157 3996 sua
1177 3981 1193 4010 ,
1245 3934 1521 3993 dominus
1552 3933 1739 3989 servis
1768 3931 2080 3986 miseratus
2119 3926 2344 4003 egenis.

810 4043 1140 4119 priscorum
1169 4036 1282 4096 hoc
1308 4055 1427 4093 uno
1454 4035 1599 4091 vicit
1627 4051 1817 4090 novus
1844 4031 2045 4088 omnia
2072 4028 2228 4084 facto

812 4144 968 4201 facta
998 4144 1132 4220 pius
1159 4143 1453 4220 princeps.
1542 4137 1817 4215 quamvis
1847 4132 2096 4190 meliora
2122 4139 2466 4208 sequantur,

647 4244 770 4310 405
813 4242 927 4302 hoc
946 4246 1205 4321 primum
1235 4254 1437 4300 tamen
1470 4257 1646 4295 omen
1675 4246 1798 4294 erat
1818 4280 1834 4309 ,
1880 4231 2040 4313 quod
2070 4230 2271 4290 nullus
2300 4249 2546 4288 avortun

814 4349 1113 4425 Augustos
1145 4362 1412 4425 unquam
1443 4340 1654 4400 cecinit
1681 4338 1891 4396 fecisse
1922 4336 2169 4413 priores.
