3210 5200
709 409 807 479 88
1572 485 1585 495 ,
1634 412 1968 482 CORlPPI

873 583 1192 638 Persarum
1217 588 1455 638 teneras
1478 599 1663 639 nervo
1688 583 1953 660 pellente
1981 585 2248 662 sagittas.

954 683 1315 741 Commissas
1348 685 1503 741 acies
1533 682 1663 742 dux
1689 686 1936 744 Tarasis
1972 695 2109 745 ante
2139 689 2460 768 pedestres,

867 783 1050 841 ardua
1083 787 1255 863 signa
1284 804 1563 860 movens,
1608 789 1794 846 variis
1823 793 2126 868 componit
2155 793 2220 848 in
2245 797 2449 853 armis.

698 886 822 951 555
864 888 994 964 ipse
1023 907 1132 965 per
1166 886 1784 966 obliquas'distinguit
1811 893 2036 969 proelia
2067 903 2294 954 turmas

866 1000 1071 1048 vectus
1100 1009 1282 1070 equo,
1335 990 1676 1071 clipeosque
1704 995 1828 1050 suis
1856 996 2217 1074 coniungere
2249 997 2454 1057 dictat.

864 1090 1127 1150 tenditur
1152 1096 1218 1150 in
1245 1093 1527 1171 longum,
1569 1097 1748 1154 nexis
1773 1098 2135 1155 umbonibus
2166 1097 2434 1175 horrens,

865 1198 1078 1254 Martia
1110 1218 1219 1276 per
1246 1198 1400 1255 latos
1427 1199 1582 1256 acies
1612 1197 1968 1258 densissima
1996 1219 2261 1279 campos.

863 1318 1171 1356 murorum
1195 1302 1262 1359 in
1285 1319 1517 1358 morem
1542 1301 1811 1358 celantur
1839 1321 2082 1380 corpora
2107 1299 2308 1361 densis

698 1400 825 1470 560
866 1404 1251 1482 tegminibus.
1336 1404 1500 1461 solae
1531 1415 1819 1482 apparent
1844 1416 1984 1483 post
2007 1415 2173 1462 scuta
2201 1407 2491 1484 bipennes

868 1517 927 1564 et
961 1528 1232 1566 smmnae
1260 1507 1468 1585 galeae
1497 1508 1688 1565 cristis
1722 1509 2001 1588 conisque
2025 1510 2348 1584 micantes„

863 1621 924 1667 at
955 1629 1135 1688 super
1164 1611 1374 1666 erectis
1406 1606 1696 1666 horrescit
1720 1610 1949 1668 ferreus
1980 1608 2170 1670 hastis

861 1732 1139 1790 campus,
1187 1708 1642 1790 resplendetque
1668 1714 1841 1768 novis
1869 1712 2193 1769 terroribus
2223 1717 2347 1770 aer.

945 1815 1046 1872 Sic
1068 1823 1242 1893 pater
1266 1816 1395 1891 ipse
1420 1832 1563 1870 suae
1596 1832 1958 1890 componens
1986 1833 2204 1871 cornua
2233 1833 2472 1891 pugnae

695 1913 818 1980 565
862 1918 1224 1996 armipotens
1249 1897 1486 1974 medius
1518 1919 1821 1994 componit
1853 1919 2024 1995 signa
2057 1913 2374 1991 Iohannes,

861 2018 1067 2078 ordine
1094 2030 1302 2078 cuncta
1328 2038 1571 2097 regens,
1618 2037 1999 2100 aequansque
2024 2039 2132 2098 per
2159 2023 2399 2098 agmina
2421 2031 2670 2098 turmas,

860 2134 920 2181 et
949 2123 1102 2186 bene
1134 2123 1269 2201 quis
1300 2119 1569 2196 medius,
1615 2125 1753 2180 totis
1781 2133 2076 2202 pugnaret
2102 2131 2171 2180 ut
2197 2125 2399 2198 armis,

853 2227 918 2283 in
943 2225 1339 2305 manibusque
1367 2227 1461 2282 sui
1480 2270 1496 2299 ,
1540 2225 1714 2283 fortis
1741 2223 1993 2283 dictator
2013 2235 2084 2283 ut
2110 2236 2285 2299 esset,

852 2349 1018 2386 anna
1045 2347 1294 2386 movens
1321 2327 1551 2405 populi.
1639 2329 1827 2385 veluti
1857 2330 2178 2407 vigllanter
2204 2330 2477 2388 oberrant

684 2432 811 2498 570
853 2443 1023 2489 cauta
1050 2431 1396 2488 reluctantis
1424 2430 1624 2487 media
1649 2433 1807 2490 inter
1832 2450 2052 2490 cornua
2079 2435 2236 2491 tauri

848 2536 1075 2593 lumina
1095 2577 1112 2608 ,
1154 2535 1601 2616 bellantemque
1632 2544 1846 2614 parant
1873 2555 1992 2616 qua
2019 2538 2291 2595 vulneret
2317 2535 2554 2596 hostem

849 2649 1015 2716 parte
1043 2658 1354 2717 premensi,
1400 2635 1736 2717 dextroque
1764 2649 1918 2696 rotat
1943 2640 2239 2721 laevoque
2263 2644 2546 2715 minatur,

846 2741 1093 2797 vulnera
1133 2743 1561 2817 congeminans
1586 2743 1816 2799 variato
1851 2743 2099 2801 verbere
2132 2763 2349 2817 σοι-ους

850 2859 1087 2919 quaque
1110 2842 1319 2901 iubent
1346 2843 1534 2916 oculi,
1579 2841 1883 2919 configunt
1916 2862 2137 2902 cornua
2165 2848 2405 2907 vulnus.

679 2942 803 3007 575
846 2945 932 3000 sic
960 2943 1116 2998 acies
1147 2938 1381 3012 ductor,
1425 2940 1736 3015 perpensis
1764 2942 2032 3016 partibus
2061 2948 2286 3021 aequis,

847 3044 1010 3101 bella
1033 3042 1232 3101 subire
1257 3041 1444 3099 iubet.
1531 3041 1618 3098 sic
1653 3038 2053 3117 disponuntur
2077 3053 2137 3099 et
2165 3053 2289 3101 arte

851 3163 1072 3223 organa
1100 3145 1323 3222 plectra
1354 3144 1553 3226 lyrae,
1599 3140 1803 3220 digitis
1828 3142 2126 3222 pulsanda
2155 3149 2448 3224 magistri.

848 3267 1032 3339 qnam
1058 3258 1261 3306 movet
1287 3248 1422 3322 ine,
1467 3256 1641 3305 sonat
1672 3256 1945 3304 contactu
1971 3246 2169 3305 fistula
2196 3253 2360 3308 venti
2376 3269 2396 3308 ε

847 3370 969 3408 non
996 3346 1252 3407 chordae
1271 3394 1287 3424 ‚
1330 3369 1451 3407 non
1480 3369 1619 3407 aera
1647 3360 1897 3427 gemunt
1914 3394 1931 3424 ,
1973 3352 2038 3411 ni
2061 3361 2272 3429 sponte
2300 3357 2561 3434 regentis

676 3458 803 3523 580
844 3456 1107 3513 carmina
1138 3455 1434 3532 percussis
1464 3463 1744 3511 resonent
1769 3473 2052 3531 expressa
2076 3456 2305 3515 cicutis.

842 3577 964 3615 non
997 3556 1168 3614 aliter
1198 3558 1365 3614 iussu
1394 3553 1654 3615 ductoris
1685 3567 1894 3615 cuncta
1920 3567 2194 3616 movetur

842 3657 1110 3717 discretis
1142 3660 1296 3716 acies
1326 3668 1681 3743 concurrens
1710 3656 1916 3720 ordine
1943 3661 2152 3737 signis.

924 3765 1167 3819 Iunctus
1193 3769 1317 3817 erat
1338 3760 1511 3818 lateri
1538 3761 1733 3824 clarus
1761 3762 2107 3819 Recinarius
2123 3805 2139 3835 ,
2185 3763 2365 3818 armis

837 3864 1076 3957 fplgeus
1107 3872 1165 3919 et
1195 3862 1435 3940 paribus
1466 3860 1791 3942 disponens
1820 3865 2064 3941 agmina
2094 3866 2270 3936 curis,
2374 3845 2382 3851 ⁸

671 3964 795 4032 585
838 3968 966 4046 ipse
1000 3969 1197 4025 animo
1228 3973 1463 4023 matura
1491 3984 1732 4042 gerens,
1779 3967 2064 4043 gravitate
2092 3963 2418 4037 modestus,

834 4070 1287 4147 magnanimus,
1330 4068 1527 4140 mitis,
1571 4069 1842 4144 sapiens,
1885 4068 2241 4132 fortissimus
2260 4112 2276 4141 ,
2319 4070 2543 4143 insons,

838 4173 1199 4249 armipotens
1216 4213 1233 4244 ,
1278 4168 1425 4227 belli
1452 4167 1711 4229 domitor
1736 4172 2018 4252 pacisque
2049 4169 2341 4247 minister,

600 4340 609 4356 ·
669 4321 775 4376 563
807 4317 1174 4389 resplendent
1199 4319 1250 4370 Τ
1424 4319 1530 4375 567
1562 4317 1686 4390 qnid
1711 4318 1762 4374 Τ
1937 4320 2041 4377 568
2073 4319 2180 4376 sub
2199 4320 2265 4377 Μ
2447 4319 2554 4377 574
2583 4335 2788 4391 quoque
2814 4321 2867 4374 Τ

671 4390 775 4446 578
810 4396 961 4443 uento
983 4388 1125 4459 apud
1146 4388 1223 4443 M.
2847 4424 2852 4437 .
