3210 5200
685 364 785 434 90
1330 415 1335 420 .
1512 379 1540 448 ·,
1609 362 1950 427 comem

853 529 1186 608 composuit
1217 525 1407 588 solido
1445 530 1676 588 iunctas
1704 531 1967 588 umbone
1996 525 2347 608 phalanges.

852 631 961 690 sed
985 634 1230 710 propius
1257 633 1450 688 tenuit
1472 634 1721 690 munitis
1749 635 1993 710 agmina
2026 633 2247 705 castris,

852 756 965 792 nec
991 733 1226 814 pedites
1250 734 1445 791 voluit
1471 737 1671 792 tristes
1701 737 2071 791 committere
2100 753 2333 812 pugnas

681 837 804 904 625
846 839 1118 914 longius,
1166 845 1445 914 expertus
1475 839 1695 893 totiens
1725 834 1876 916 quid
1901 847 2091 893 terror
2121 839 2183 892 in
2215 838 2395 893 armis

846 951 907 996 et
935 942 1121 997 virtus
1154 941 1423 996 Romana
1458 949 1704 1017 potest..
1764 949 1967 997 tamen
1991 936 2199 996 ordine
2221 949 2380 995 certo

844 1044 1131 1121 processit
1160 1042 1418 1118 geminis
1445 1042 1934 1099 acies-Maurusia
1965 1042 2176 1118 signis.

846 1157 984 1202 ante
1018 1145 1227 1202 volans
1258 1145 1498 1221 sonipes
1529 1155 1684 1201 totos
1713 1145 2009 1201 concurrit
2035 1144 2102 1199 in
2131 1160 2327 1220 agros,

845 1248 1359 1326 Languantanque
1388 1247 1539 1304 levis
1568 1265 1807 1324 campos
1836 1246 2135 1325 collesque
2164 1249 2530 1325 propinquos

678 1351 803 1415 630
847 1361 1027 1429 atque
1060 1370 1235 1408 cavas
1268 1351 1458 1407 valles
1493 1348 1795 1426 silvasque
1828 1358 1889 1404 et
1915 1348 2161 1405 flumina
2195 1349 2501 1426 complens

843 1454 893 1510 it
911 1497 927 1527 ‚
970 1456 1145 1514 lerna
1174 1454 1491 1510 comitante
1520 1452 1650 1508 fero
1677 1453 2021 1530 Brutenque
2050 1451 2329 1529 superbo-

847 1555 954 1611 ille
983 1551 1278 1611 secundus
1310 1564 1468 1625 erat3
1519 1552 1800 1609 Camalus
1821 1570 1984 1630 quos
2015 1551 2234 1611 deinde
2261 1564 2499 1613 secutus

847 1653 1018 1712 ardet
1046 1658 1110 1711 in
1141 1654 1421 1712 adversos
1450 1655 1660 1711 multis
1694 1673 1831 1710 cum
1857 1655 2103 1713 milibus
2130 1655 2356 1715 hostes.

847 1755 1209 1815 Hisdreasen
1236 1755 1555 1836 Ialdasque
1578 1756 1753 1811 ferox
1776 1764 1837 1811 et
1861 1754 2122 1814 Suietira
2147 1756 2410 1832 fervens,

677 1859 803 1924 635
842 1876 1110 1938 quosque
1146 1858 1367 1916 referre
1395 1876 1613 1935 parans
1645 1856 2067 1933 comprendere
2094 1862 2337 1916 nomina
2367 1861 2569 1920 nullus

840 1971 1042 2017 mente
1071 1971 1295 2039 potest,
1345 1977 1674 2038 saevasque
1701 1958 1910 2016 volens
1937 1968 2025 2017 tot
2050 1959 2247 2018 dicere
2278 1973 2512 2038 gentes.

842 2062 942 2122 his
968 2062 1234 2137 medius,
1279 2063 1472 2120 fomes
1497 2061 1646 2118 beni
1676 2070 1984 2140 rectorque
2002 2107 2018 2136 ,
2062 2062 2303 2121 Sidisan

841 2187 978 2224 acer
1014 2176 1171 2240 erat,
1217 2163 1581 2243 dextrosque
1614 2166 1846 2242 equites
1880 2173 1940 2221 et
1967 2166 2139 2242 signa
2171 2166 2439 2244 regebat.

841 2279 900 2325 at
931 2271 1163 2326 socians
1191 2267 1366 2325 laevo
1398 2268 1691 2325 Carcasan
1726 2268 1967 2344 agmina
1997 2287 2182 2325 cornu

668 2367 795 2436 640
838 2369 1166 2429 condensas
1196 2373 1353 2428 acies
1385 2389 1628 2448 campos
1655 2367 1908 2426 effundit
1937 2370 2003 2425 in
2031 2389 2260 2444 omnes,

839 2473 1103 2532 Ifuraces
1133 2475 1196 2530 in
1225 2474 1389 2532 bella
1420 2490 1704 2546 movens3
1750 2473 2088 2551 pariterque
2113 2473 2428 2550 Melangus

836 2577 1010 2655 signa
1037 2578 1223 2654 regit,
1271 2575 1490 2633 Gantal
1517 2577 1946 2655 Guentauque,
1990 2574 2321 2651 Alacanza,
2364 2579 2666 2654 Iutungun

836 2678 1001 2737 dirus
1032 2690 1091 2736 et
1118 2680 1410 2736 Antiliten
1438 2679 1625 2736 velox
1649 2680 1941 2758 fortisque
1970 2679 2246 2752 Catubar,

832 2790 893 2838 et
924 2799 1072 2859 quos
1104 2782 1276 2837 mille
1313 2778 1494 2838 duces
1529 2783 1748 2837 misere
1777 2783 1842 2837 in
1871 2782 2100 2857 proelia
2126 2781 2354 2858 Syrtes.

664 2879 791 2947 645
916 2883 1163 2957 Iamque
1185 2882 1669 2955 propinquabant
1697 2879 1961 2933 adversis
1988 2878 2259 2935 hosssbus
2287 2878 2490 2941 hostes

840 2984 1135 3060 signaque
1162 2979 1525 3056 compositis.
1613 2996 1784 3034 arcus
1806 2978 2197 3059 volucresque
2222 2985 2468 3058 sagittas

838 3084 1194 3163 depromunt
1224 3078 1551 3159 pharetris,
1597 3088 1658 3135 et
1685 3079 1911 3136 ferrum
1946 3082 2175 3139 missile
2202 3084 2461 3143 vibrant.

834 3188 1069 3245 finierat
1095 3185 1356 3261 spatium
1384 3182 1558 3239 vacui
1582 3201 1720 3259 pars
1750 3182 1926 3239 obvia
1959 3186 2175 3263 campi,

838 3305 1260 3364 accessumque
1283 3284 1429 3341 viris
1461 3286 1620 3342 acies
1649 3286 2144 3364 alienanegabat,

666 3391 793 3458 650
832 3394 1017 3471 inque
1048 3388 1171 3447 suis
1206 3386 1448 3444 obstans
1473 3390 1781 3446 venientes
1811 3388 2035 3447 fecerat
2061 3387 2260 3448 hostes

833 3505 990 3553 stare
1020 3491 1203 3564 locis,
1248 3488 1586 3567 pressisque
1616 3488 1937 3549 haeserunt
1965 3494 2205 3569 agmina
2235 3491 2442 3550 frenis·

829 3594 1199 3675 prospiciens
1233 3592 1422 3666 acies,
1465 3591 1619 3649 vidit
1647 3594 1972 3651 Guenfeius
1998 3591 2186 3653 hostis

831 3696 1140 3754 ductorem
1166 3694 1416 3751 Antalas
1445 3692 1647 3752 media
1673 3696 1829 3752 inter
1850 3698 2020 3771 signa
2045 3694 2394 3768 Iohannem,

835 3796 1224 3877 dignovitque
1252 3797 1463 3874 procul
1493 3798 1651 3853 celsa
1671 3816 1784 3874 per
1808 3798 1931 3853 tela
1959 3817 2224 3856 suorum.

660 3899 790 3970 655
833 3897 1148 3979 egrediens
1175 3909 1317 3956 tunc
1346 3899 1536 3957 fertur
1564 3917 1749 3978 equn,
1792 3901 2115 3980 magnique
2146 3897 2415 3975 magistri

833 4004 1068 4062 transiit
1094 4012 1231 4061 ante
1260 4002 1497 4075 oculos,
1539 3997 1770 4057 domini
1796 4011 1930 4080 post
1953 4009 2119 4081 terga
2148 4002 2454 4059 reflectens

665 4188 770 4245 623
801 4205 898 4259 pro
935 4186 1038 4241 rius
1068 4186 1118 4237 Τ
1299 4184 1428 4238 ibid.
1462 4184 1661 4249 agmine
1690 4183 1740 4237 Τ
1923 4187 2024 4240 627
2055 4185 2199 4254 genis
2224 4187 2274 4237 Τ
2461 4185 2562 4239 639
2593 4185 2750 4238 sotius
2778 4187 2843 4249 Τ,

661 4257 853 4311 secius.
1144 4253 1271 4307 ibid.
1316 4261 1550 4305 catarsau
1591 4255 1642 4306 Τ
1854 4254 1958 4307 652
2001 4257 2197 4310 heros?
2241 4256 2316 4312 sic
2355 4258 2386 4310 1
2422 4254 2527 4310 468
2577 4262 2636 4310 at
2669 4258 2704 4309 6
2736 4257 2844 4310 296

664 4333 716 4380 et
739 4326 843 4381 522
862 4323 1040 4378 hostis.
1246 4322 1349 4378 654
1378 4321 1569 4377 celsum
1581 4323 1613 4377 ’ἓ
1644 4323 1694 4377 Ia
1713 4321 1850 4379 celsa
1868 4321 2022 4382 inter.
