3210 5200
963 400 1076 468 DE
1124 400 1537 470 LAUDIBUS
1584 400 1917 469 IUSTINI.
2380 405 2474 475 33
2486 404 2525 476 1

350 570 604 633 ostendit
630 567 895 630 Codinus
919 569 986 628 in
1014 586 1122 626 sua
1151 587 1299 626 cura
1329 579 1384 626 et
1411 578 1630 647 regesto
1646 567 1893 646 palatii.
1984 566 2141 648 apud
2167 570 2528 650 Francogal-

349 660 439 717 los
466 659 750 737 praefecti
779 655 988 734 palatii
1015 664 1077 712 et
1099 657 1356 712 maiores
1387 651 1600 712 domus
1624 655 2005 715 vocabantur.
2090 657 2276 714 Rrrr.

521 746 661 806 138.
745 743 902 799 forte
932 742 1075 797 iam.
1164 742 1350 799 Rmz.

515 826 599 884 ib.
693 828 932 903 disputa
971 825 1279 904 legebatur
1333 824 1542 882 'vitiose
1592 824 1656 880 in
1692 841 1786 882 ms
1825 821 2050 883 codice.
2103 828 2289 897 Rmz,
2374 834 2532 882 recte

351 914 638 991 dispositu
655 935 681 986 ,·
745 908 910 992 quod
954 913 1008 969 si
1044 912 1254 969 malles
1293 910 1493 987 legere
1530 908 1890 987 dispositus,
1962 912 2049 968 sic
2092 911 2249 967 infra
2290 928 2352 967 v.
2391 914 2539 974 260.

350 1002 547 1059 Βοῦς..

522 1083 603 1141 ib.
694 1082 758 1139 in
782 1079 878 1139 his
896 1121 913 1155 ,
975 1090 1035 1139 et
1062 1098 1214 1160 quae
1239 1088 1569 1158 sequuntur
1595 1078 1763 1153 aliis,
1805 1078 2034 1160 liquide
2067 1079 2536 1159 Cot-ippumex-

353 1169 570 1248 pressit
613 1168 969 1225 cultissimus
1009 1167 1139 1222 aevi
1172 1166 1266 1222 sui
1288 1170 1468 1242 poeta
1501 1162 1844 1221 Guntherus
1872 1168 1937 1222 in
1964 1166 2250 1243 Ligurino
2297 1167 2332 1226 1
2374 1162 2536 1227 265:

355 1274 531 1333 quem
566 1253 706 1322 sibi,
763 1253 907 1309 dum
942 1271 1130 1327 supra
1141 1250 1455 1328 fineretur
1487 1249 1621 1306 luce
1649 1260 1964 1327 superstes,
2019 1270 2121 1307 rex
2143 1260 2403 1327 patmus
2441 1249 2540 1304 dc·-

347 1361 543 1419 gnum
564 1336 874 1418 gaudebat
897 1335 1116 1393 habere
1138 1345 1431 1412 nepotem,
1486 1335 1795 1413 multaque
1830 1337 2074 1413 cognati
2102 1335 2390 1392 mandare
2430 1352 2540 1389 ne·-

347 1427 518 1504 gvtia
540 1426 712 1503 regni
734 1432 1026 1492 sueverat,
1075 1432 1132 1477 et
1159 1421 1384 1477 socium
1411 1421 1660 1477 summis
1678 1420 2002 1477 adsciscere
2029 1419 2223 1478 rebus.
2314 1418 2536 1491 confer,

354 1513 406 1569 si
429 1510 615 1584 lubet,
643 1506 803 1587 apud
825 1517 1143 1587 utrumque
1169 1507 1436 1586 reliqua:
1478 1525 1623 1563 nam
1648 1503 1799 1563 haee
1825 1506 2073 1565 ulterius
2099 1507 2352 1585 exsequi
2376 1523 2539 1562 nuno

355 1614 475 1652 non
499 1604 690 1652 vacat.
774 1596 1014 1652 Voncx.

528 1683 670 1744 189.
754 1681 924 1757 regni
947 1678 1213 1756 samma]
1272 1673 1403 1733 dixi
1439 1672 1514 1733 de
1550 1672 1898 1735 huiusmodi
1931 1676 2206 1735 formulis
2251 1673 2329 1734 ad
2352 1675 2535 1755 Sym-

355 1762 659 1822 maehum.
743 1764 862 1821 tale
897 1774 983 1822 est
1010 1761 1171 1844 quod
1205 1761 1346 1819 dicit
1372 1763 1529 1819 infra
1561 1765 1598 1824 3
1645 1765 1790 1824 318.
1875 1763 2062 1819 Rrrr.

527 1847 669 1911 141.
755 1868 874 1905 una
900 1851 1095 1907 littera
1122 1845 1411 1905 mutanda
1435 1848 1618 1906 etiam
1649 1857 1738 1905 est
1759 1889 1775 1920 ,
1836 1858 1905 1904 ut
1941 1849 2235 1905 sententia
2268 1846 2370 1905 fiat
2407 1850 2538 1906 ele-

358 1936 610 2013 gantior.
694 1936 978 2013 scriptum
1015 1954 1350 1993 asseverare
1388 1936 1580 1991 ausim
1621 1950 1657 1990 a
1688 1933 1943 2011 Corippo
1990 1935 2395 2011 magnanimis
2434 1955 2537 1991 seu

338 2021 539 2098 Jbrtia
567 2017 727 2077 bella
753 2031 1025 2079 moveret.
1117 2022 1296 2078 annis
1331 2020 1494 2076 enim
1529 2018 1782 2076 fortibus
1816 2019 2001 2076 sortes
2030 2037 2405 2097 oppugnasse
2431 2022 2537 2094 ait,

358 2107 554 2163 animo
580 2108 858 2164 ·retinens
912 2118 970 2165 et
1014 2107 1356 2184 exprimens
1391 2106 1655 2163 Maronis
1697 2123 1937 2163 versum
1981 2101 2054 2160 de
2084 2107 2407 2162 Romanis:
2473 2116 2540 2161 tu

357 2211 550 2271 regere
574 2192 838 2269 imperiis
851 2192 1137 2269 populo-⁸,
1179 2191 1482 2261 Romane,
1523 2200 1835 2260 memento,
1868 2209 2117 2267 parcere
2139 2188 2439 2259 subiecti-e,
2487 2199 2543 2245 et

355 2275 651 2334 debellare
692 2276 993 2352 superbos.
1083 2277 1305 2352 pariter
1335 2273 1498 2333 idem
1534 2277 1831 2354 expressit
1864 2273 2228 2333 Claudianus
2256 2270 2545 2333 Stilicho-

355 2365 451 2418 nis
482 2366 556 2424 2:
632 2359 809 2417 obvia
842 2371 1188 2438 prosternas
1191 2402 1213 2429 ‚
1272 2371 1696 2440 prostrataque
1741 2381 1900 2418 more
1947 2361 2184 2417 leonum
2226 2360 2517 2437 despicias
2520 2402 2544 2429 ,

355 2446 592 2503 alacres
624 2444 849 2502 audent
875 2466 1012 2503 cum
1032 2455 1284 2502 sternere
1310 2456 1540 2516 tauros,
1603 2446 1954 2503 transiliunt
1977 2445 2232 2503 humiles
2250 2445 2537 2523 praedas,

355 2531 477 2589 hae
499 2531 626 2608 ipse
652 2532 946 2610 magistra
968 2530 1071 2588 des
1096 2532 1333 2588 veniam
1358 2533 1547 2588 vietis.
1595 2550 1709 2589 nec
1728 2534 1927 2590 minus
1959 2533 2215 2590 Rutilius
2244 2530 2318 2589 de
2350 2527 2545 2589 reditu

356 2638 467 2677 suo
495 2616 574 2673 ad
600 2619 886 2676 Romam:
946 2617 1088 2674 hinc
1116 2614 1229 2673 tibi
1257 2617 1528 2675 certandi
1556 2616 1711 2676 bona
1726 2618 2138 2697 parcendique
2167 2617 2371 2676 lubido
2398 2635 2545 2696 quos

357 2705 560 2760 timuit
592 2713 860 2779 superat,
921 2723 1068 2782 quos
1093 2704 1397 2779 superavit
1419 2713 1605 2760 amat.
1699 2723 1860 2762 error
1903 2715 2104 2762 autem
2128 2706 2190 2761 in
2221 2705 2543 2781 corippum

355 2786 500 2845 inde
522 2790 758 2846 venisse
786 2786 1042 2862 videtur,
1089 2786 1251 2867 quod
1283 2782 1349 2851 τὸ
1384 2789 1763 2866 magnanimi
1788 2808 1909 2847 non
1934 2791 2114 2848 fuerit
2136 2790 2505 2848 intellectum
2522 2805 2543 2844 t

356 2893 483 2932 non
509 2876 670 2931 enim
698 2884 824 2930 tam
848 2874 1068 2931 fortem
1092 2875 1310 2931 virtute
1338 2892 1522 2953 quam
1545 2872 1899 2932 confidentia
1938 2874 2200 2956 quadam
2224 2871 2543 2935 vecordem

358 2969 556 3033 notat,
625 2977 761 3016 cum
787 2957 978 3018 videri
1005 2959 1191 3017 velint
1217 2957 1530 3038 scriptores
1554 2961 1811 3019 Romani
1836 2961 2047 3019 urbem
2072 2962 2245 3020 illam
2272 2962 2543 3041 gentium

360 3043 664 3102 dominam
699 3064 821 3102 non
863 3046 996 3103 siue
1036 3045 1257 3103 scelere
1301 3056 1402 3103 aut
1442 3046 1693 3105 infamia
1725 3048 1799 3105 ab
1833 3049 2055 3105 exteris
2080 3049 2355 3126 gentibus
2378 3047 2544 3104 bello

358 3132 602 3204 tentari3
663 3131 829 3188 ouius
867 3132 956 3189 rei
995 3150 1117 3188 non
1163 3141 1253 3188 est
1287 3132 1637 3213 infrequens
1673 3135 1900 3192 mentio
1934 3131 2097 3211 apud
2124 3131 2542 3206 Claudianum,

361 3217 467 3293 qui
505 3217 925 3296 plerorumque
970 3226 1105 3295 post
1141 3222 1455 3295 poetarum
1494 3229 1666 3296 pater
1700 3228 1809 3276 est.
1896 3220 1983 3276 sio
2012 3217 2223 3276 eadem
2251 3236 2395 3277 voce
2422 3236 2545 3274 non

360 3301 424 3356 in
465 3300 685 3358 bonam
723 3312 956 3380 partem
992 3321 1135 3364 usus
1178 3311 1266 3359 est
1292 3304 1506 3360 Petrus
1532 3305 1956 3378 pictaviensis,
2011 3307 2261 3383 scriptor
2301 3304 2548 3382 ingenio

362 3384 552 3441 bono:
582 3406 701 3442 non
718 3398 1003 3463 poterunt
1026 3387 1190 3444 ultra
1216 3384 1327 3442 sub
1352 3388 1518 3443 ovini
1538 3387 1775 3445 velleris
1790 3386 2004 3445 umbra
2019 3389 2264 3447 horrida
2288 3408 2550 3466 magna-

366 3470 518 3525 nimi
541 3469 720 3527 verba
746 3472 928 3529 latere
953 3473 1106 3551 lupi.
1197 3473 1445 3530 BAn‘rn.

532 3553 614 3610 ib.
706 3566 761 3612 te
785 3560 930 3616 sine.
1022 3557 1280 3616 formula
1305 3558 1588 3637 frequens
1622 3566 1825 3614 notata
1856 3556 2145 3615 Savaroni
2169 3558 2438 3616 maximo
2470 3555 2549 3617 ad

366 3635 600 3697 Sidonii
624 3642 718 3698 sui
739 3661 983 3701 ‚carmen
1010 3648 1073 3708 7.
1115 3640 1268 3700 adde
1300 3644 1571 3700 Curtium
1599 3647 1642 3707 7
1658 3660 1676 3699 ε
1720 3641 1914 3700 multa
1937 3643 2064 3699 sine
2088 3662 2226 3722 rege
2242 3663 2550 3721 prospere,

364 3743 465 3781 rex
510 3728 636 3784 sine
677 3726 785 3784 illo
825 3727 1273 3810 (Parmenione)
1315 3727 1476 3786 nihil
1510 3747 1771 3808 magnae
1798 3729 1886 3785 rei
1906 3740 2187 3808 gesserat.
2278 3731 2550 3788 Maecen.

367 3810 557 3867 cilni:
624 3855 800 3872 .....
838 3815 998 3872 m‘hil
1029 3818 1156 3872 sine
1191 3815 1297 3871 illo
1327 3814 1550 3872 laetum
1581 3835 1749 3872 mens
1781 3835 1914 3872 mea
1950 3817 2074 3872 iam
2104 3814 2373 3893 putabat
2407 3837 2544 3874 esse.

368 3894 563 3952 Valet.
596 3898 792 3957 Flacc.
824 3904 898 3964 8:
941 3902 1264 3980 tetigissent
1292 3899 1494 3958 lslitora
1509 3903 1712 3978 patris
1748 3911 1803 3958 te
1832 3903 1978 3959 sine.
2072 3899 2383 3960 claudian.
2413 3900 2488 3960 de
2512 3907 2552 3966 3

367 3977 527 4038 Hon.
556 3985 897 4044 consulatu:
941 3988 1097 4068 quid
1123 3988 1278 4044 enim
1291 4007 1408 4064 per
1424 3986 1671 4064 praelia
1693 3990 1858 4066 gessi
1884 3998 1939 4044 te
1964 3987 2109 4044 sine.
2157 3988 2440 4047 Dtmrsr.
2558 3993 2561 3998 ⁴

546 4065 683 4128 143.
759 4070 982 4145 plenus
1028 4073 1260 4132 dierum
1308 4090 1342 4129 a
1390 4073 1643 4152 Corippo
1688 4093 1768 4132 ex
1808 4074 1987 4132 sacris
2036 4072 2252 4133 litteris
2298 4071 2551 4132 ducitur.

370 4146 587 4228 quibus
628 4167 913 4214 consonat
947 4155 1062 4218 hae
1096 4162 1163 4219 in
1199 4177 1264 4215 re
1290 4161 1600 4217 Lucretius
1636 4163 1709 4223 δε
1756 4179 1867 4216 cur
1892 4178 2012 4216 non
2047 4168 2116 4215 ut
2144 4159 2367 4236 plenae
2394 4161 2553 4217 vitae

371 4234 624 4292 conviva
646 4237 914 4298 recedis?
970 4246 1216 4305 BAn'rn.
1305 4246 1390 4303 sic
1413 4245 1479 4302 in
1507 4245 1688 4303 sacris
1714 4244 1925 4302 litteris
1953 4263 2130 4325 saepe
2159 4265 2329 4304 senes
2360 4244 2554 4302 saturi

368 4319 602 4376 dierum
631 4318 925 4385 (ficantur.
1012 4333 1309 4408 praeclare
1333 4332 1518 4390 Varro
1544 4330 1684 4410 περὶ
1710 4326 1917 4413 γήρως
1942 4329 2102 4410 apud
2125 4333 2420 4389 Nonium:
2466 4328 2551 4383 sic

370 4406 625 4464 invitata
651 4419 893 4469 matura
910 4418 1119 4474 anima
1141 4437 1481 4495 corporeum
1506 4419 1779 4475 corticem
1785 4415 1988 4496 facile
2009 4416 2311 4496 relinquit.
2361 4417 2548 4480 Rrr‘r.
