3210 5200
616 422 761 493 170
1214 422 1548 491 CORIPPI
1597 423 1713 488 DE
1767 422 2175 490 LAUDIBUS

612 586 731 653 185
773 607 911 647 cum
936 588 1139 663 magni
1172 607 1407 664 regeres
1433 584 1638 646 divina
1663 590 1886 667 palatia
1908 589 2113 667 patris,

644 684 647 689 ’
773 710 883 769 par
913 698 1155 746 exstans
1185 691 1371 763 curis,
1414 689 1544 748 solo
1577 687 1917 748 diademate
1942 688 2190 768 dispar?

773 789 982 850 ordine
1013 811 1121 869 pro
1147 811 1344 850 rerum
1370 792 1661 850 vocitatus
1690 794 2051 872 curapalati.

776 890 1096 972 (dispositu
1122 912 1265 949 nam
1290 894 1506 951 Caesar
1537 892 1732 971 eras),
1779 915 1915 953 cum
1944 905 2176 973 sceptra
2205 900 2434 951 teneret

772 995 943 1052 sortis
973 991 1168 1051 adhuc
1196 997 1425 1068 senior,
1472 999 1644 1073 regni
1671 1007 1736 1054 tu
1763 1016 1996 1054 summa
2023 998 2271 1074 regebas

606 1094 728 1163 140
769 1096 1017 1154 consilio
1045 1092 1350 1154 moderata
1379 1099 1569 1174 gravi.
1655 1099 1744 1154 nil
1777 1099 1881 1155 ine
1908 1100 2137 1177 peregit

765 1207 826 1256 te
861 1198 1023 1271 sine,
1064 1201 1484 1276 magnanimus
1515 1218 1628 1257 seu
1657 1200 1831 1258 fortia
1861 1200 2020 1258 bella
2045 1210 2331 1273 moveret,

767 1297 1012 1357 foedera
1039 1320 1148 1358 seu
1173 1302 1338 1378 pacis
1364 1319 1503 1357 cum
1524 1302 1697 1359 victis
1720 1303 1908 1359 victor
1937 1304 2135 1359 iniret.

768 1420 930 1459 nunc
957 1400 1120 1459 idem
1148 1404 1381 1480 genitor
1406 1402 1598 1462 laetus
1625 1404 1959 1483 plenusque
1990 1402 2224 1461 dierum

767 1504 980 1562 funere
1010 1504 1174 1560 felici
1202 1503 1481 1562 caelestia
1507 1523 1691 1582 regna
1719 1508 1948 1583 petivit,

608 1604 728 1671 145
771 1617 829 1665 te
860 1625 1263 1665 successorem
1288 1616 1556 1665 statuens
1587 1607 1726 1664 sibi.
1812 1609 2047 1686 suscipe
2077 1604 2375 1684 gaudens:

770 1709 837 1765 in
864 1718 967 1765 tua
999 1709 1127 1764 iura
1155 1727 1332 1765 suum
1366 1710 1694 1766 transmisit
1719 1710 2048 1767 avunculus
2071 1710 2299 1767 orbem.

772 1827 896 1866 non
922 1818 983 1866 te
1011 1818 1330 1885 cognatum
1357 1811 1766 1867 sanctissimus
1799 1811 1904 1867 ille
1935 1813 2187 1888 putavit,

775 1905 882 1966 sed
908 1911 1198 1986 genitum.
1285 1920 1343 1968 te
1375 1912 1504 1968 iura
1527 1922 1774 1986 vocant,
1817 1923 1877 1970 te
1907 1915 2158 1970 sustinet
2185 1915 2344 1971 aula.

772 2020 840 2069 tu
862 2008 1042 2068 decus
1072 2013 1310 2090 imperii
1336 2012 1541 2070 lumen
1567 2014 1876 2094 virtusque
1902 2014 2122 2071 Latini.

608 2113 730 2179 150
770 2114 833 2170 in
857 2122 918 2171 te
945 2122 1146 2171 nostra
1169 2114 1364 2187 salus,
1406 2116 1473 2171 in
1499 2127 1559 2174 te
1590 2136 1729 2195 spes
1757 2126 1957 2175 nostra
1989 2116 2262 2194 resurgit.

772 2235 1010 2273 oramus
1029 2259 1044 2289 ,
1089 2214 1347 2281 conce-de
1374 2219 1531 2292 tuis,
1573 2217 1825 2276 succede
1847 2220 2101 2297 parenti.

769 2338 979 2396 rumpe
1004 2337 1234 2392 moras,
1297 2338 1441 2396 cape
1473 2316 1630 2377 dona
1665 2317 1795 2394 dei,
1838 2323 2204 2399 sceptrisque
2234 2323 2494 2398 paternis

764 2431 932 2479 utere
951 2465 968 2495 ,
1014 2430 1075 2477 et
1101 2423 1441 2499 Augustum
1459 2465 1476 2495 ,
1522 2419 1687 2500 quod
1711 2421 1931 2497 defuit,
1975 2425 2178 2500 accipe
2204 2417 2491 2481 nomen.”

849 2523 1105 2582 Talibus
1134 2523 1340 2580 orabat
1373 2542 1571 2582 sacras
1594 2527 1690 2581 vir
1720 2523 1874 2582 fidus
1901 2526 1964 2581 iu
1993 2543 2164 2582 aures

598 2626 719 2692 155
762 2624 1006 2685 hortans
1031 2635 1090 2683 et
1118 2645 1318 2683 rerum
1346 2623 1605 2685 dominis
1630 2628 2040 2686 cunctantibus
2065 2629 2330 2704 iustaus;

764 2747 1203 2808 consensusque
1232 2730 1326 2787 sui
1353 2730 1744 2788 manifestans
1772 2741 1906 2788 vota
1935 2740 2176 2787 senatus

760 2832 965 2889 creber
997 2828 1282 2887 adorabat
1313 2828 1587 2888 dominos
1611 2874 1627 2901 ‚
1673 2840 1732 2887 et
1759 2831 1983 2909 poplite
2017 2831 2176 2888 flexo

760 2934 1019 3010 plurima
1047 2930 1264 2989 divinis
1290 2932 1548 3009 supplex
1577 2928 1757 2987 dabat
1787 2932 1989 2988 oscula
2017 2932 2271 3008 plantis,

760 3034 1060 3112 verbaque
1091 3034 1383 3090 narrantis
1418 3033 1592 3088 tacite
1622 3031 1895 3111 firmabat
1919 3034 2116 3090 amici.

600 3140 719 3202 160
758 3137 886 3214 ipse
914 3144 1115 3192 autem
1141 3135 1325 3212 patris
1356 3152 1673 3191 concussus
1701 3143 1857 3191 sorte
1883 3134 2042 3193 beati

762 3248 993 3316 sceptra
1026 3236 1333 3295 recusabat
1360 3235 1698 3309 lacrimans,
1741 3235 2026 3316 largoque
2055 3236 2286 3314 rigabat

763 3338 954 3396 imbre
976 3358 1160 3417 genas
1175 3382 1191 3412 ,
1234 3338 1555 3416 vultusque
1585 3338 1697 3394 viri
1722 3348 2034 3416 vestesque
2057 3336 2411 3399 madebant:

762 3451 961 3500 tantus
992 3460 1160 3498 amor
1184 3441 1433 3499 senioris
1461 3451 1607 3498 erat.
1683 3432 2038 3499 “desistite'’
2080 3438 2269 3498 dixit:

751 3537 1009 3602 “duram
1035 3563 1163 3601 rem
1187 3543 1422 3622 petitis,
1466 3543 1802 3622 frustraque
1833 3544 2097 3616 instatis,
2142 3545 2338 3604 amici.

592 3645 711 3712 165
756 3665 897 3723 ergo
922 3650 1295 3726 superposita
1324 3655 1499 3723 caput
1522 3642 1640 3702 hoc
1666 3644 1886 3702 ornabo
1918 3664 2153 3720 corona,

757 3747 998 3829 quando
1034 3752 1327 3808 Iustinum
1352 3751 1583 3808 tristem
1613 3745 1780 3804 decet
1810 3745 1983 3806 esse?
2027 3768 2136 3825 per
2161 3749 2366 3806 orbem

754 3852 893 3908 flere
925 3853 1104 3911 libet:
1151 3864 1382 3931 patrem
1415 3868 1509 3907 res
1535 3849 1774 3927 publica
1802 3847 2061 3926 perdidit
2089 3850 2269 3925 orbis,

751 3973 872 4011 non
898 3952 1227 4028 dominum.
1313 3972 1494 4032 quem
1530 3971 1651 4009 non
1684 3949 1993 4008 hominem
2020 3954 2240 4029 pietate
2268 3952 2524 4031 benigna

758 4058 1077 4128 continuit,
1124 4056 1272 4114 fovit
1289 4099 1306 4129 ,
1350 4055 1582 4112 monuit
1605 4097 1622 4127 ,
1669 4054 1912 4110 nutrivit
1936 4096 1953 4127 ,
1999 4056 2221 4111 amavit
2232 4052 2263 4111 ’ἒ

592 4160 711 4224 170
755 4168 814 4216 et
838 4170 1034 4217 tamen
1064 4159 1319 4216 innocuo
1345 4158 1548 4235 plures
1577 4156 1818 4212 voluere
1855 4152 2095 4212 nocere!

757 4281 875 4318 non
905 4270 1062 4319 caret
1089 4257 1317 4316 invidia
1350 4259 1516 4334 regni
1542 4257 1730 4315 locus.
1816 4257 1915 4314 ibo
1952 4267 2229 4333 paternas

755 4363 939 4421 tristis
969 4363 1031 4419 iu
1059 4360 1405 4441 exsequias:
1454 4359 1679 4437 regalia
1705 4359 1877 4436 sigua
1905 4352 2177 4417 recuso-’⁸
