3210 5200
949 389 1448 461 PANEGYRICI
1494 394 1962 482 RELIQUIAE.
2450 404 2548 476 15

530 554 778 617 Aetium
813 555 1162 617 coniunctus
1195 578 1361 620 amor
1386 564 1714 644 populique
1739 575 2093 648 petrumque

533 668 593 716 et
616 678 932 738 procerum
954 679 1128 719 mens
1158 665 1350 722 omnis
1379 661 1591 741 habet3
1630 684 1743 725 nec
1771 665 1965 726 dicere
1988 683 2278 734 mussant.

530 764 865 840 reppetiere
899 765 1103 841 polam
1127 765 1250 821 iam
1276 763 1439 844 quod
1463 769 1757 825 sententia
1781 768 1995 827 mundi

533 875 1001 945 cunctorumque
1028 863 1177 924 fides
1205 866 1390 923 nullis
1422 869 1757 927 auctoribus
1784 871 1969 928 ambit
1987 887 2011 929 τ
2571 911 2628 965 Ρ,
2664 895 2728 947 13

371 967 493 1031 110
532 967 656 1024 fata
683 967 915 1024 iubent.
999 965 1204 1025 aderat
1229 965 1439 1026 studiis
1463 968 1734 1049 iuvitque
1759 972 2030 1034 favorem

533 1078 674 1126 nota
698 1070 812 1127 viri
838 1071 1026 1128 virtus
1058 1081 1116 1128 et
1145 1071 1352 1147 magni
1379 1069 1568 1147 gloria
1591 1075 1798 1149 patris.

533 1188 673 1227 nom
700 1170 859 1230 claro
888 1157 1153 1250 genitore
1180 1182 1342 1231 satus
1388 1203 1465 1213 -—-
1509 1170 1619 1230 sed
1644 1173 1797 1233 forte
1826 1187 2159 1257 parentem,

533 1270 814 1332 caedibus
839 1276 1071 1333 Arctois
1098 1286 1157 1332 et
1186 1276 1339 1331 iusta
1366 1283 1521 1332 sorte
1552 1278 1830 1354 potitum,

535 1373 786 1433 callidus
820 1386 879 1436 et
905 1377 1058 1436 falsa
1086 1385 1276 1434 tectus
1303 1395 1477 1455 prece
1503 1380 1757 1455 perculit
1784 1379 1961 1456 ensis,

372 1474 490 1540 115
529 1477 858 1535 Mercatum
880 1479 1001 1536 vita
1025 1479 1132 1536 leti
1159 1476 1362 1535 decus.
1443 1474 1591 1537 haut
1616 1499 1786 1539 secus
1811 1483 1958 1540 olim

529 1598 830 1658 pugnaces
857 1581 1026 1638 Fabii
1055 1580 1244 1658 patria
1270 1594 1379 1655 pro
1409 1586 1588 1653 gente
1619 1576 1931 1656 cadebant,

534 1693 595 1739 et
618 1684 862 1755 Decius,
904 1699 1156 1758 propero
1182 1680 1379 1735 lucem
1404 1680 1509 1757 qui
1534 1677 1651 1736 fine
1675 1679 1942 1766 refudit,⁴

533 1782 639 1841 sed
664 1784 886 1841 famam
912 1783 1039 1838 sine
1063 1779 1181 1837 fine
1206 1789 1401 1837 tenet:
1443 1798 1587 1836 nam
1611 1784 1818 1842 mortis
1844 1801 2108 1845 amorem

526 1893 737 1962 pensat
759 1881 957 1941 leudis
984 1880 1196 1940 honor.
1279 1881 1430 1939 tanti
1455 1882 1569 1942 sibi
1594 1885 1862 1943 conscius
1882 1882 2060 1944 heros

369 1987 488 2050 120
527 1986 865 2064 sanguinis,
909 1986 1224 2044 emeritum
1250 1985 1683 2063 praestantibus
1713 1987 1960 2050 innovat
1986 1986 2132 2050 actis
2194 1983 2231 2075 ΙΙ
2299 2005 2435 2072 ‘881
2472 1993 2537 2059 οᾶ

608 2149 642 2182 ᾗ

607 2266 639 2298 ἡ

527 2518 592 2567 ut
621 2506 729 2566 vix
756 2525 944 2587 prona
971 2509 1143 2570 novis
1174 2510 1366 2570 erexit
1396 2510 1695 2590 gressibus
1726 2525 1849 2583 ora,

524 2613 831 2692 primaque
857 2616 1099 2691 reptatis
1120 2614 1357 2668 nivibus
1386 2611 1637 2686 vestigia
1668 2610 1823 2685 fixit,

524 2733 669 2772 mox
699 2715 961 2772 iaculum
986 2713 1213 2789 petiere
1243 2728 1486 2785 manus,
1530 2711 1791 2791 lusitque
1825 2708 2038 2788 gelatis

523 2812 841 2887 imbribus,
888 2822 946 2869 et
973 2813 1144 2871 siccis
1168 2813 1434 2871 imitatus
1460 2814 1688 2873 missile
1719 2813 1919 2893 lymfis

360 2914 480 2984 125
519 2915 828 2993 temptavit
853 2931 1120 2992 pugnas,
1161 2923 1516 2996 tenerosque
1545 2914 1625 2973 ad
1649 2916 1875 2995 proelia
1901 2910 2078 2973 ludos

521 3018 763 3091 imbuit,
809 3025 868 3072 et
894 3030 1063 3072 veras
1091 3017 1214 3073 iam
1240 3026 1383 3075 tunc
1412 3019 1676 3097 respexit
1696 3015 1773 3076 ad
1796 3016 2019 3075 hastas.

519 3141 631 3178 nec
664 3134 865 3177 mora:
910 3134 1045 3174 cum
1076 3115 1370 3196 Scythicis
1400 3121 1809 3178 succumberet
1836 3118 2075 3177 ensibus
2106 3119 2262 3181 orbis

518 3222 754 3301 telaque
781 3221 1068 3297 Tarpeias
1092 3232 1431 3297 premerent
1451 3224 1667 3281 Arctoa
1696 3239 1952 3296 secures,

518 3322 801 3383 hostilem
826 3320 1007 3400 fregit
1038 3322 1294 3398 rabiem,
1341 3325 1678 3404 pignusque
1706 3323 1948 3402 superbi

351 3429 476 3492 130
513 3425 772 3485 foederis
800 3436 858 3483 et
879 3422 1092 3482 mundi
1113 3426 1373 3503 pretium
1398 3426 1512 3483 fuit
1556 3457 1633 3467 —
1679 3423 1821 3483 hine
1849 3422 2029 3483 modo
2059 3423 2184 3481 voti

521 3540 644 3586 rata
674 3526 821 3587 fides
839 3572 856 3603 ‚
898 3525 1115 3586 validis
1142 3525 1304 3609 quod
1329 3526 1456 3586 dux
1481 3538 1715 3607 premat
1742 3529 1996 3604 impiger
2020 3524 2201 3583 armis

521 3626 783 3689 edomuit
813 3649 961 3711 quos
989 3648 1137 3708 pace
1165 3647 1317 3709 puer
1344 3663 1420 3673 —
1437 3674 1455 3707 ,
1497 3630 1843 3708 bellumque
1869 3626 2166 3705 repressit,
2557 3661 2614 3720 P·
2649 3646 2715 3703 19

517 3732 759 3811 ignarus
788 3731 936 3815 quid
961 3733 1122 3791 bella
1148 3733 1366 3792 forent.
1450 3742 1730 3812 stupuere
1760 3731 1990 3789 feroces

343 3997 537 4069 pectere
569 3998 855 4069 mutavit),
899 4004 955 4054 et
985 4000 1168 4057 sentia.
1211 4028 1283 4041 —-
1324 4015 1378 4054 v.
1406 4001 1506 4055 110
1535 4016 1599 4071 pr
1633 4014 1683 4053 m
1716 3996 1953 4068 studiisq.
1988 3995 2194 4067 iuvatqss
2233 4022 2302 4038 ·-—
2344 4011 2398 4051 v.
2426 3995 2522 4051 111

346 4084 490 4137 seqq.
524 4070 843 4123 Gaudentius
866 4072 1107 4139 magister
1128 4070 1364 4139 equitum.
1407 4087 1538 4139 quae
1562 4070 1630 4123 de
1656 4069 1762 4122 eius
1785 4078 1950 4121 morte
1972 4066 2054 4119 hic
2076 4065 2364 4134 traduntur,
2391 4081 2526 4147 nova

344 4147 482 4190 sunt.
518 4170 584 4179 —
626 4154 680 4196 v.
704 4142 803 4193 122
861 4158 886 4193 ι·
910 4156 957 4193 m
980 4143 1237 4211 repitatis.
1272 4169 1340 4179 —
1376 4140 1556 4191 Aetius
1577 4144 1726 4192 natus
1747 4147 1856 4190 erat
1877 4138 2220 4201 Dor-ostenae,
2264 4136 2315 4187 in
2340 4133 2524 4203 oppido

342 4204 605 4274 Moesiae,
643 4224 790 4278 quam
867 4214 1046 4262 enatus
1066 4208 1365 4293 Frigeridus
1387 4208 1647 4276 Scythiam
1670 4214 1850 4272 vocat,
1889 4206 2293 4275 rigidissimamm
2316 4204 2528 4281 hiemum

340 4280 530 4327 terrae.
574 4306 643 4317 --
684 4292 737 4332 v.
764 4279 863 4333 127
888 4278 1001 4341 cod.
1034 4279 1271 4347 Scyttct's.
1315 4307 1381 4317 -
1430 4294 1484 4330 v.
1514 4278 1612 4331 129
1634 4294 1775 4347 seqq.
1823 4276 1907 4329 De
1938 4275 2090 4328 Aetio
2131 4272 2317 4328 Alarici
2353 4268 2529 4322 obside

341 4359 399 4396 v.
427 4343 600 4398 cerm.
622 4346 776 4400 111v.
798 4347 867 4401 41
891 4363 1034 4419 seqq.
1099 4364 1155 4403 v.
1178 4348 1275 4402 131
1295 4363 1361 4418 pr
1382 4363 1431 4400 m
1450 4352 1614 4402 ratas.
1661 4373 1730 4388 --
1772 4346 1905 4401 Post
1925 4361 1978 4399 v.
2003 4344 2104 4400 143
2141 4344 2324 4397 iterum
2360 4336 2527 4406 mpla

442 4439 645 4494 Meros.
688 4446 740 4496 et
781 4441 900 4497 eor.
2075 4434 2118 4493 6
