3210 5200
677 398 826 469 300
1077 395 1360 464 NOTAE
1406 393 1498 461 IN
1547 392 2440 461 PRAEFAT.L1BRORUM

675 576 802 625 tam
841 560 1004 643 apud
1041 562 1213 621 illam
1255 577 1440 641 quam
1482 554 1796 619 dominum
1838 569 2181 620 accusatum
2221 559 2533 621 Nan-satem
2580 556 2859 637 legimus.

675 647 1051 711 Adrevaldus
1096 645 1171 705 de
1212 646 1516 704 miraculis
1560 642 1873 701 Benedicti
1909 664 1963 701 c.
1989 646 2063 710 5:
2103 646 2263 703 idm
2301 646 2532 705 Nar-aes
2565 647 2861 722 patricius

676 756 815 793 cum
843 756 886 791 a
911 730 1210 791 Romanis
1234 731 1409 809 apud
1431 730 1734 788 Iustinum
1752 728 2111 809 Augustum
2135 732 2375 809 situque
2397 731 2708 808 coniugem
2744 730 2860 788 So-

667 820 887 898 phium
920 815 1369 875 immularetur
1401 816 1809 915 oppressionis·
1825 835 1982 891 prm·
1970 815 2316 873 ὠιοίαἰίιιηι.
2406 826 2469 875 et
2506 825 2666 873 certe
2704 817 2861 872 mira

675 904 1060 962 consonantia
1094 904 1406 960 nominum
1430 899 1495 957 in
1522 897 1757 956 sanfilia
1791 900 2173 1000 imperatoria
2199 909 2345 958 tum
2356 899 2506 974 fuit,
2547 919 2659 958 nec
2682 900 2861 959 ablu-

675 986 953 1047 dentibus
990 985 1707 1045 virtutibus.1ustinum
1733 983 1983 1064 quidem
2011 1004 2046 1043 a
2072 983 2334 1058 iustitia,
2378 982 2668 1065 Sophiam
2695 1003 2731 1043 a
2755 1003 2859 1043 sa·-

672 1073 899 1153 pientia
935 1069 1142 1130 laudat
1183 1073 1363 1130 etiam
1402 1068 1729 1128 venantius
1774 1070 2129 1129 Fortunatus
2157 1067 2425 1129 eiusdem
2452 1070 2587 1128 aevi
2609 1070 2859 1148 scriptor

672 1159 886 1236 Elegia
918 1157 991 1215 de
1018 1176 1190 1215 cruce
1218 1154 1297 1215 ad
1324 1152 1757 1232 Radegundam
1788 1155 2057 1231 reginam
2080 1154 2285 1213 missa.
2369 1157 2683 1234 insigniter
2717 1173 2858 1212 vero

674 1245 894 1323 Glyoas
917 1243 1137 1303 Annal.
1172 1243 1235 1303 4.
1278 1241 1526 1298 Bau-ra.
1615 1240 1918 1317 eleganter
1950 1239 2350 1318 Vigilantiam
2380 1242 2665 1317 ambigua
2691 1259 2860 1312 voce,

676 1338 740 1387 et
780 1329 1061 1386 virtutem
1106 1329 1460 1405 imperatore
1509 1322 1755 1401 dignam
1799 1334 1857 1384 et
1897 1334 2151 1383 matrem
2189 1325 2400 1383 Iustini
2441 1325 2625 1383 simul
2654 1324 2861 1385 infert.

677 1410 894 1472 eadem
911 1412 1146 1473 consilii
1168 1421 1360 1469 mater
1385 1420 1476 1468 est
1501 1420 1560 1467 et
1580 1409 1886 1489 principis.
1956 1408 2353 1513 Vigilantiam
2378 1410 2717 1468 consiliario
2746 1429 2865 1466 ne-

678 1501 996 1558 cessariam
1034 1497 1297 1556 insinuat
1338 1515 1608 1554 surmnus
1638 1501 1850 1573 poeta.
1897 1484 1973 1557 οιῗ
1999 1495 2095 1557 δεῖ
2114 1517 2448 1573 παννυχιον
2479 1489 2679 1557 εὕδειν
2707 1494 2867 1572 βου·

678 1579 956 1663 ληφόρον
1003 1579 1213 1663 ανδρα.
1299 1577 1555 1639 eandem
1587 1587 1655 1637 ut
1684 1582 1969 1639 virtutem
1999 1590 2060 1639 et
2090 1588 2346 1639 matrem
2378 1598 2549 1637 suam
2583 1579 2769 1637 simul
2795 1581 2860 1636 in

681 1669 871 1727 oculis
913 1667 1126 1726 merito
1172 1666 1431 1723 Iustinus
1475 1672 1689 1742 gestat.
1772 1666 1840 1723 in
1874 1664 2066 1722 oculi-5
2084 1683 2289 1743 gerere
2310 1663 2692 1741 proverbium
2717 1663 2859 1720 alibi

679 1753 885 1811 multis
923 1751 1371 1808 illustravimus.
1415 1750 1663 1807 Bina-11.
1751 1749 2067 1828 aliquoties
2114 1748 2404 1828 Corippus
2439 1746 2690 1807 delicias
2716 1748 2858 1805 facit

676 1838 742 1896 in
779 1835 1122 1894 nominibus
1144 1832 1502 1910 vigilantiae
1540 1842 1600 1890 et
1629 1833 1972 1911 Sapientiae
2000 1844 2294 1913 tanquam
2314 1833 2469 1891 bene
2491 1833 2770 1892 ominatis
2797 1836 2867 1891 et‘

677 1923 1014 1999 auspicatis.
1102 1916 1241 1976 vide
1262 1918 1418 1975 infra
1442 1917 1483 1980 4
1529 1918 1671 1981 182.
1752 1915 1973 1977 harum
1994 1917 2102 1976 illa
2124 1919 2244 1977 fuit
2260 1929 2454 1979 mater
2477 1919 2709 1992 lumini,
2752 1920 2857 1979 Iu·-

676 2006 919 2065 stiniani
958 2020 1154 2076 soror,
1197 2005 1313 2060 ista
1353 2021 1510 2062 uxor
1554 2000 1883 2083 eademque
1926 2000 2287 2063 Theodorae
2324 2003 2470 2063 filia.
2556 2005 2857 2082 eleganter

674 2101 880 2149 autem
903 2087 1003 2147 hic
1036 2087 1439 2166 Vigilantiam
1458 2097 1715 2147 matrem
1738 2089 1970 2147 consilii
1994 2098 2168 2148 vocat
2183 2132 2201 2162 ,
2245 2098 2307 2147 et
2326 2088 2484 2148 infra
2512 2084 2687 2149 huius
2716 2089 2857 2151 libri

673 2193 737 2249 v.
779 2174 861 2239 55
913 2193 1113 2232 rerum
1150 2172 1470 2230 custodem.
1558 2174 1773 2252 quibus
1817 2190 1899 2231 ex
1938 2174 2088 2233 locis
2123 2174 2281 2232 inter
2318 2193 2386 2232 se
2429 2175 2652 2233 collatis
2689 2170 2857 2231 hunc

673 2258 1112 2320 sententiosum
1149 2256 1525 2316 conficiemus
1559 2258 1952 2318 versiculum:
1995 2268 2184 2317 mater
2212 2258 2472 2338 οοιιείἰιϊ,
2513 2269 2704 2317 mastos
2740 2256 2856 2317 Vi-

667 2345 935 2425 gilantia
974 2362 1191 2401 remm.
1281 2352 1490 2400 notum
1526 2353 1617 2400 est
1641 2342 1793 2403 illud
1817 2344 2129 2402 Historici:
2172 2342 2483 2422 vigilando
2510 2343 2741 2423 agendo
2761 2362 2859 2400 res

673 2430 960 2489 Romana
989 2430 1192 2486 crevit.
1262 2426 1506 2487 easdem
1529 2429 1695 2485 velut
1720 2426 1888 2488 divas
1916 2427 1993 2487 ad
2018 2448 2256 2487 carmen
2285 2427 2857 2488 subministrandum

672 2516 911 2573 invocat
947 2533 1071 2572 non
1115 2514 1314 2571 minus
1353 2531 1539 2593 quam
1575 2511 1882 2591 deiparam
1912 2515 2206 2593 virginem
2240 2514 2415 2578 initio
2450 2514 2591 2571 libri
2623 2520 2682 2578 1.
2767 2514 2858 2572 sic

673 2612 735 2659 et
775 2603 840 2659 in
886 2598 1100 2659 Iustini
1145 2599 1421 2672 nomine,
1487 2597 1654 2678 quod
1694 2619 1731 2659 a
1771 2600 2002 2660 Iustitia
2045 2619 2157 2660 seu
2190 2602 2353 2659 Iusto
2396 2596 2658 2677 derivat,
2701 2598 2856 2658 felix

673 2706 853 2745 omen
883 2689 1078 2744 inesse
1108 2684 1255 2745 vult.
1340 2685 1529 2742 Rrrr.
2442 2703 2451 2718 ·

840 2770 943 2835 25.
1025 2771 1237 2827 retitoes
1260 2771 1588 2847 repositum
1613 2777 1703 2827 est
1726 2787 1763 2826 a
1784 2768 1958 2829 nobis
1981 2787 2090 2849 pro
2113 2772 2387 2829 retinens.
2424 2770 2611 2831 Rmz.
2696 2778 2856 2828 recte

671 2851 1008 2934 Assagrius.
1050 2856 1296 2912 retinere
1309 2872 1417 2932 pro
1434 2864 1626 2914 tenere
1649 2854 1805 2913 infra
1828 2855 1907 2914 ad
1928 2856 2203 2918 librum2
2223 2857 2582 2916 notabimus
2602 2854 2855 2914 BAnrn.

842 2944 943 3001 26.
1028 2940 1182 2997 forte
1210 2958 1282 2996 an
1319 2939 1610 3017 corippus
1633 2942 1947 3017 scripserat
1979 2939 2345 2999 muninibus.
2434 2942 2719 3018 intelligit
2739 2961 2855 3002 au-

676 3033 804 3084 tem
839 3024 1230 3102 Vigilantiam
1261 3021 1552 3101 Sophiam
1579 3034 1639 3082 et
1671 3025 1996 3098 Iustitiam,
2042 3026 2259 3103 quibus
2300 3029 2503 3085 omnia
2536 3025 2857 3105 gubernari

673 3110 983 3172 verissime
1016 3107 1178 3168 dicit.
1263 3117 1404 3166 nota
1440 3127 1533 3165 res
1563 3118 1654 3167 est
1681 3119 1747 3166 nt
1778 3109 2009 3167 soleant
2038 3115 2251 3188 poetae
2289 3131 2371 3170 ex
2411 3112 2724 3170 virtutibus
2754 3111 2856 3169 fa-

677 3215 810 3253 cere
840 3196 1086 3252 numina
1112 3204 1173 3252 et
1200 3190 2033 3253 deas.R1'1··1·.n1uninib1w
2055 3195 2242 3254 multo
2266 3198 2460 3274 magis
2488 3199 2751 3275 poetice,
2791 3205 2857 3252 et

672 3280 863 3337 multo
893 3281 1086 3358 aptius
1114 3276 1192 3336 ad
1214 3277 1366 3336 illud
1393 3276 1558 3357 quod
1582 3280 1885 3359 sequitur.
1928 3279 2320 3360 quodcunque
2342 3293 2625 3340 movetur.
2652 3281 2855 3340 Foco.

841 3363 926 3422 ih.
1014 3374 1279 3421 movetur
1327 3364 1488 3421 valet
1529 3365 1700 3422 vivit.
1807 3367 2084 3425 Lucanus
2126 3367 2166 3427 9
2222 3367 2383 3429 500.
2446 3367 2720 3444 luppiter
2765 3374 2860 3424 est

674 3449 1066 3531 quodcunque
1091 3447 1283 3519 vides,
1329 3448 1721 3528 quodcunque
1747 3453 2016 3510 ηιονενὶσ.
2104 3451 2355 3509 ΒΑΜἯ.

703 3551 706 3552 ’
842 3539 946 3599 27.
1034 3532 1302 3613 apposite
1337 3536 1630 3593 certatim.-
1677 3535 1950 3616 quamvis
1990 3536 2153 3594 enim
2189 3537 2447 3595 Iustinus
2476 3531 2732 3594 audierit
2750 3534 2853 3592 le-

673 3630 843 3698 gatos
867 3619 1132 3678 Abarum
1160 3620 1414 3698 septima
1439 3621 1678 3699 imperii
1704 3624 1797 3679 sui
1826 3620 1925 3679 die
1943 3665 1959 3696 ‚
2004 3626 2043 3685 3
2092 3621 2244 3695 151,
2285 3629 2712 3700 praevenerant
2749 3628 2851 3677 ta·—

669 3726 812 3763 men
857 3726 958 3764 eos
1002 3705 1274 3776 Turcae3
1341 3703 1416 3761 ob
1460 3723 1642 3784 quam
1687 3726 1927 3764 causam
1969 3704 2263 3764 Iustinum
2308 3725 2511 3764 eorum
2551 3704 2856 3783 postulata

669 3791 943 3848 reiecisse
984 3798 1184 3847 narrat
1225 3784 1628 3868 Theophanes
1674 3792 2000 3871 Byzantius
2038 3788 2200 3869 apud
2239 3789 2520 3850 Photium
2558 3786 2693 3848 cod.
2741 3788 2854 3850 64.

668 3873 807 3936 vide
841 3880 880 3938 3
924 3879 1068 3939 360.
1153 3871 1351 3931 Foco.

835 3962 938 4024 28.
1025 3955 1404 4018 scribendum
1440 3967 1585 4059 puto
1625 3959 1973 4018 Romanum
2010 3976 2249 4020 maman.
2337 3970 2537 4034 tanta,
2579 3958 2692 4030 ait,
2737 3973 2853 4015 ve·-

666 4048 893 4106 neratlo
938 4056 1028 4103 est
1068 4045 1260 4102 instar
1296 4044 1561 4104 numinis
1604 4044 1854 4103 alicuius
1900 4043 2176 4103 habentis
2224 4003 2599 4124 imperatoiis
2636 4042 2851 4115 nostri,

668 4141 737 4190 ut
784 4141 1015 4188 ametur
1055 4148 1162 4206 pro
1205 4131 1361 4187 iusto
1399 4137 1461 4185 et
1496 4128 1765 4205 legitimo
1800 4129 2066 4210 priucIPe
2096 4130 2341 4211 ubique.
2426 4133 2612 4190 victas
2637 4136 2849 4206 gentes

673 4236 871 4274 amare
898 4216 1191 4274 lustinum
1221 4214 1325 4275 ait.
1409 4213 1655 4274 ΒΑιιτιι.

838 4303 940 4363 29.
1022 4296 1249 4378 subque
1268 4299 1377 4374 pio
1413 4296 1685 4378 domitto]
1730 4297 1864 4356 finis
1895 4297 2055 4356 enim
2080 4296 2222 4358 iusti
2248 4299 2486 4377 imperii
2521 4306 2610 4356 est
2643 4295 2849 4354 subie-

671 4395 898 4470 ctorum
927 4379 1108 4443 salus.
1191 4384 1429 4463 propria
1460 4379 1723 4444 definitio
1747 4385 2111 4464 principatus
2139 4394 2230 4446 est
2253 4383 2441 4444 aazia
2462 4382 2701 4464 generis
2720 4379 2849 4442 lm-
