3210 5200
1024 441 1579 528 ¹lofflmwn'os
1630 447 1789 515 Lm.
1836 450 1890 516 1.

541 619 788 691 aspectu
817 609 1092 691 placidus
1121 610 1321 671 senior
1350 609 1663 672 descendit
1695 603 1975 696 OlympOJ

372 719 497 780 260
539 711 795 773 candida
827 712 1075 774 sidereis
1103 723 1344 794 gestans
1367 715 1666 773 velamina
1689 719 1919 797 peplis3

539 836 610 875 ac
643 816 806 874 stetit
835 827 974 874 ante
1005 817 1207 875 oculos
1240 819 1580 892 quaerentis
1613 819 1731 876 tela
1760 818 2063 894 Iohannis,

540 919 951 999 continuitque
974 937 1255 991 manum,
1298 928 1621 998 sanctoque
1648 915 1800 976 haee
1827 919 2055 979 addidit
2082 923 2232 981 σπη’

532 1011 697 1078 “non
723 1019 892 1077 furor
914 1021 977 1076 in
1002 1029 1197 1080 tantas
1226 1019 1471 1076 animoa
1487 1021 1572 1077 sic
1599 1023 2017 1082 eoncitetims.

538 1141 753 1201 sperne
777 1122 1007 1179 malum
1036 1121 1300 1197 bonitate
1328 1130 1465 1194 tua3
1511 1122 1655 1201 suge
1673 1167 1689 1196 ,
1734 1121 1863 1182 dira
1890 1126 2140 1202 maligni

372 1224 495 1290 265
537 1225 730 1302 iurgia
760 1243 839 1280 ne
864 1213 1144 1279 timeas?
1226 1223 1324 1279 cui
1351 1220 1479 1281 dux
1512 1214 1726 1303 “pater
1751 1219 2019 1304 optime'’
2065 1226 2220 1284 dixit

531 1318 780 1406 “virque
813 1323 942 1398 dei,
993 1324 1183 1381 cernis
1216 1333 1541 1382 certantem
1574 1324 1890 1408 aditusque
1916 1330 2149 1387 viarum

539 1427 813 1486 claudere
839 1418 1198 1484 nitentem.”
1280 1428 1481 1484 senior
1502 1439 1646 1486 tunc
1672 1440 1873 1486 mente
1901 1430 2160 1508 benigna

536 1528 689 1589 haec
712 1531 813 1588 ait.
891 1519 968 1586 “o
998 1528 1186 1603 felix,
1228 1531 1480 1607 vestigia
1506 1511 1707 1589 nostra
1736 1540 1972 1589 secutus

534 1651 633 1689 me
660 1629 810 1689 duee
844 1648 1017 1709 carpe
1045 1623 1275 1687 viam-'⁹
1357 1629 1444 1689 sic
1470 1631 1630 1689 fatus
1659 1632 1888 1690 lumine
1916 1647 2144 1712 magno

375 1737 497 1800 270
539 1734 728 1792 erexit
753 1728 1024 1811 placidus
1052 1731 1358 1810 fulgentes
1378 1731 1716 1811 lampadis
1698 1735 1854 1812 lgnis

536 1946 678 1994 tunc
703 1954 844 1994 vero
869 1934 1063 1995 omnis
1092 1934 1255 1993 iners
1278 1932 1458 1995 dubia
1486 1945 1604 1994 stat
1630 1947 1832 1995 mente
1857 1935 2162 2015 magister,

541 2048 601 2096 et
620 2039 813 2097 ventis
839 2036 942 2096 dat
971 2049 1137 2116 terga
1167 2037 1360 2115 fugax
1378 2080 1394 2112 ,
1437 2040 1776 2120 victamque
1800 2039 2018 2098 fatetur

536 2141 677 2199 artis
704 2141 912 2219 opem,
952 2141 1259 2220 nescitque
1286 2141 1470 2198 miser
1492 2159 1611 2220 quo
1639 2143 1872 2201 flectere
1893 2159 2178 2221 puppem.

535 2262 646 2301 nee
672 2243 937 2302 breviata
962 2243 1097 2300 sinu
1124 2251 1458 2300 sustentant
1481 2245 1668 2301 lintea
1697 2246 1892 2303 flatus.

377 2343 493 2410 275
532 2364 653 2402 non
680 2364 831 2423 opus
859 2354 948 2402 est
974 2344 1149 2402 ullis:
1190 2342 1495 2423 deponunt
1523 2347 1723 2404 omnia
1754 2355 1971 2403 nautae

534 2444 668 2504 vela
696 2447 906 2521 simul,
950 2448 1262 2527 ventisque
1287 2457 1444 2507 rates
1474 2443 1772 2528 undisque
1799 2448 2163 2526 relinquunt.

536 2558 897 2627 sparguntur
920 2549 1083 2608 vario
1118 2547 1348 2609 diversa
1375 2569 1487 2630 per
1514 2568 1776 2631 aequora
1807 2567 2000 2622 cursu,

534 2670 650 2731 quo
683 2670 885 2726 casus,
931 2671 1048 2731 quo
1077 2661 1289 2711 ventus
1319 2664 1535 2731 agens,
1581 2659 1906 2711 nocturnus
1939 2657 2000 2704 et
2029 2664 2192 2703 error

532 2752 683 2811 forte
710 2751 912 2812 trahit.
998 2773 1244 2812 saevum
1264 2756 1499 2813 miseris
1522 2752 1761 2811 fortuna
1787 2752 2050 2808 minatur

373 2858 493 2922 280
532 2856 907 2934 naufragium
924 2874 945 2914 ε
982 2856 1213 2914 nullam
1242 2853 1487 2914 credunt
1508 2874 1818 2933 superesse
1847 2853 2122 2927 salutem,

535 2956 968 3038 desperantque
995 2976 1165 3015 suam
1186 2978 1296 3038 per
1322 2969 1523 3037 aperta
1550 2957 1815 3036 pericula
1839 2957 2047 3013 vitam.

613 3062 915 3139 Ingemuit
945 3057 1182 3135 ductor,
1223 3070 1605 3140 mentemque
1636 3057 1714 3116 ad
1740 3055 1932 3117 sidera
1957 3055 2144 3114 tristis

532 3161 738 3240 erigit3
785 3163 1198 3244 auxiliumque
1227 3159 1324 3221 dei
1351 3164 1571 3242 pietate
1595 3161 1899 3240 magistra,
1995 3182 2002 3193 ·

535 3274 602 3323 ut
626 3273 821 3323 metus
852 3266 984 3343 ipse
1018 3262 1228 3338 dabat,
1270 3266 1531 3322 lacrimis
1544 3265 1802 3344 inquirit
1825 3262 2067 3334 obortis,

370 3365 488 3432 285
528 3385 750 3445 pronus
778 3376 837 3424 et
859 3385 1112 3424 exorans
1138 3368 1397 3445 supplex
1420 3365 1517 3425 his
1541 3367 1787 3425 vocibus
1813 3364 1966 3422 infit.

524 3459 940 3546 “omnipotens
969 3468 1136 3526 verbi
1163 3472 1398 3547 genitor
1422 3487 1737 3548 rerumque
1764 3475 2008 3538 creator,

532 3571 888 3650 principium
914 3570 1043 3628 sine
1069 3570 1219 3645 fine,
1263 3568 1409 3629 deus
1426 3615 1442 3647 ,
1490 3582 1551 3630 te
1576 3579 1785 3627 cuncta
1803 3568 2065 3625 fatentur

536 3683 833 3730 auctorem
862 3681 920 3728 et
949 3669 1257 3730 dominum
1273 3717 1288 3748 ‚
1336 3683 1395 3731 et
1415 3674 1702 3730 factorem
1729 3672 2023 3727 elementa
2045 3664 2408 3725 tremiscunt.

534 3784 593 3833 te
621 3776 783 3833 venti
810 3772 1118 3853 nubesque
1144 3783 1392 3853 pavent;
1439 3774 1547 3830 tibi
1576 3772 1797 3829 militat
1825 3776 1944 3846 aer,

368 3879 491 3943 290
531 3878 899 3958 imperioque
927 3886 1030 3934 tuo
1056 3894 1221 3933 nuno
1251 3873 1471 3933 arduus
1498 3876 1728 3931 intonat
1756 3869 1961 3930 aether

530 3998 868 4059 magnaque
894 3980 1175 4037 concussi-
1190 3977 1460 4035 turbatur
1479 3973 1757 4034 machina
1783 3971 2016 4032 mundi.

528 4090 595 4138 tu
622 4084 737 4139 scis
755 4126 772 4157 ‚
815 4100 1047 4139 summe
1075 4089 1277 4158 pater,
1319 4088 1388 4136 tu
1416 4079 1717 4156 praescius
1749 4078 1948 4137 omnia
1980 4074 2174 4134 nestit

368 4261 467 4314 262
498 4262 625 4315 haec
646 4262 771 4317 add.
795 4261 861 4315 M
1060 4264 1162 4318 263
1196 4262 1420 4316 concitat
1445 4260 1496 4315 T
1684 4263 1788 4318 270
1819 4259 1989 4314 exexit
2014 4259 2065 4311 Τ

367 4331 523 4450 ζόα
544 4332 605 4388 Μ
708 4331 1211 4457 ῃ92ἷοῖιὲῑξιιξῦωίῳιο
1233 4332 1595 4456 αρυέέἷὶίωω
1621 4332 1768 4455 ἮΞἎ
1799 4332 2034 4385 substant
2060 4328 2109 4381 Τ

2468 455 2560 523 35

2249 4255 2375 4309 ibid.
2411 4251 2534 4302 lam-

2306 4321 2404 4375 275
2442 4336 2537 4372 ue·
2564 4348 2570 4355 ι
