3210 5200
694 463 848 509 1.xv1
1340 443 1392 507 F
1398 437 1701 507 OGGINI
1746 439 2233 507 PRAEFATIO.

695 619 1029 670 constarent
1043 654 1061 685 ,
1103 607 1210 668 ubi
1232 609 1532 687 integrum
1553 606 1911 668 haberemus
1938 608 2160 666 librum
2181 604 2222 671 4
2246 617 2305 667 et
2333 608 2481 667 alios
2505 607 2719 683 libros,
2763 609 2869 689 qui

695 733 835 771 eum
863 713 1398 793 prosequebanturt
1444 712 1617 769 sicuti
1648 714 1809 769 enim
1834 696 2023 768 tribus
2055 712 2221 768 libris
2248 714 2484 791 imperii
2509 715 2718 771 Iustini
2748 715 2867 769 inia-

693 818 778 874 tia
795 860 811 890 ,
870 818 953 873 sic
993 819 1171 873 etiam
1212 811 1460 872 totidem
1498 815 1871 872 consulatum
1914 816 2042 872 eius
2071 823 2132 872 et
2155 815 2221 871 in
2248 832 2317 871 eo
2342 824 2507 892 gesta
2546 815 2868 893 Corippmn

697 918 1027 976 celebrasse
1052 914 1433 976 vehementer
1457 918 1743 994 suspicor.

863 1021 1116 1098 Corippo
1164 1019 1490 1076 familiares
1533 1028 1700 1076 erant
1742 1035 1943 1077 sacrae
1983 1017 2251 1091 litterae,
2297 1014 2461 1097 quod
2501 1017 2629 1074 eius
2666 1027 2872 1074 'versus

695 1118 1046 1193 ostendunt,
1096 1121 1162 1176 in
1197 1122 1413 1201 quibus
1448 1121 1621 1199 plura
1653 1138 1732 1177 ex
1760 1121 1883 1178 illis
1910 1121 2194 1177 imitatur.
2278 1120 2442 1177 illius
2470 1138 2609 1176 vero
2636 1136 2745 1195 pro
2775 1137 2872 1173 re-

697 1234 787 1279 cta
825 1220 941 1279 fide
979 1232 1181 1280 contra
1225 1225 1319 1282 sui
1356 1225 1640 1301 temporis
1683 1219 2013 1280 haereticos
2055 1219 2322 1280 studium
2353 1219 2596 1277 mirifice
2627 1230 2874 1278 testatur

693 1325 1036 1402 symbolum
1059 1321 1231 1400 fidei,
1277 1321 1440 1405 quod
1464 1320 1791 1382 secundum
1816 1326 2060 1382 Nicaeni
2085 1334 2143 1381 et
2167 1325 2462 1402 Cpolitaui
2486 1323 2874 1380 conciliorum

695 1429 1014 1505 constituta
1054 1426 1323 1484 versibus
1365 1424 1684 1504 diligenter
1717 1446 2066 1505 expressum
2092 1426 2300 1484 inserit
2326 1427 2370 1483 1.
2402 1424 2474 1499 4,
2519 1436 2579 1483 et
2604 1425 2871 1483 fortassis

694 1549 819 1587 uon
847 1526 1028 1586 modo
1055 1530 1292 1586 veritati
1318 1525 1660 1586 Catholicae
1691 1529 2045 1607 obsequium
2066 1532 2149 1587 ita
2175 1542 2474 1608 praestare
2500 1529 2721 1601 voluit,
2763 1523 2871 1584 sed

695 1633 880 1688 etiam
906 1633 1021 1708 ipsi
1048 1631 1273 1687 Iustino
1305 1626 1612 1707 plaudere,
1652 1630 1757 1707 qui
1781 1632 1983 1687 statim
2007 1651 2075 1688 ac
2102 1634 2353 1711 imperio
2377 1632 2597 1711 potitus
2628 1641 2716 1687 est
2738 1626 2868 1686 edia-

694 1745 858 1791 ctum
899 1732 973 1790 de
1021 1741 1181 1788 recta
1225 1727 1376 1804 fide,
1428 1729 1589 1808 quod
1626 1733 1920 1808 Evagrius
1960 1736 2168 1788 recitat
2211 1734 2419 1811 (Hist.
2472 1731 2642 1789 Eccl.
2688 1732 2728 1796 5
2766 1729 2867 1809 4),

695 1835 1077 1913 conscripsit,
1120 1830 1509 1911 hortatusque
1550 1843 1639 1890 est
1682 1852 1891 1895 omnes
1938 1830 2016 1890 ad
2059 1830 2400 1892 Catholicae
2437 1836 2720 1893 ecclesiae
2759 1832 2871 1893 do·-

692 1939 947 1994 ctrinam
972 1947 1150 2014 atque
1177 1935 1468 1990 unitatem
1494 1931 1979 2013 amplexandam.

861 2038 1197 2098 velificatus
1237 2055 1368 2094 esse
1414 2037 1669 2115 Corippo
1706 2037 1929 2114 primos
1961 2034 2132 2092 aulae
2155 2036 2519 2115 Byzantinae
2545 2041 2868 2116 ministros,

594 2139 606 2159 ⁸
693 2142 1076 2202 Anastasium
1114 2139 1465 2216 praesertim
1506 2139 1860 2216 magistrum
1908 2148 1968 2195 et
2004 2148 2409 2217 quaestorem,
2452 2151 2582 2200 tum
2626 2162 2705 2201 ex
2736 2162 2869 2202 car..

692 2246 857 2303 mine
885 2241 1241 2321 panegyrico
1275 2241 1339 2296 in
1374 2237 1620 2297 laudem
1644 2241 1831 2331 ipsius
1856 2238 2185 2315 Anastasii,
2228 2252 2358 2300 tum
2391 2263 2470 2301 ex
2492 2246 2644 2304 libro
2673 2249 2869 2326 primo

695 2344 773 2403 de
816 2342 1097 2403 laudibus
1136 2343 1348 2400 Iustini
1395 2343 1731 2399 luculenter
1767 2338 2048 2401 discimus
2066 2388 2082 2417 ,
2127 2343 2235 2401 sed
2261 2346 2575 2404 obscurum
2604 2359 2871 2406 remanet

694 2458 895 2505 utrum
948 2444 1114 2504 hisce
1164 2442 1341 2502 editis
1395 2445 1564 2503 libris
1609 2444 1820 2500 solatia
1861 2443 2210 2522 obtinuerit,
2273 2449 2489 2528 quibus
2542 2447 2869 2527 indigebat.

694 2567 839 2608 nam
867 2545 945 2607 de
968 2548 1172 2629 inopia
1198 2567 1306 2606 sua
1339 2550 1574 2626 saepius
1600 2549 1899 2628 queritur,
1941 2549 2006 2604 in
2037 2568 2218 2628 quam
2242 2568 2422 2609 εαενα
2449 2551 2752 2611 Fortunae
2776 2555 2869 2612 ira

694 2672 763 2711 se
800 2649 1082 2710 incidisse
1123 2648 1302 2725 dicit,
1347 2652 1598 2709 reticens
1628 2661 1832 2707 tamen
1863 2670 2100 2725 causas,
2142 2650 2302 2710 unde
2335 2655 2695 2713 translucere
2724 2653 2870 2736 quid

695 2755 953 2832 amplius
982 2752 1270 2830 potuisset
1295 2749 1369 2809 de
1395 2753 1522 2808 eius
1548 2753 1708 2809 vitae
1734 2755 1981 2810 ratione.
2069 2750 2330 2831 demum,
2374 2759 2428 2815 si
2452 2758 2867 2837 Dempsterum

693 2852 902 2911 audias
918 2897 934 2926 ,
979 2863 1131 2909 certe
1155 2852 1426 2930 officiam
1448 2862 1557 2908 aut
1584 2853 1650 2907 in
1676 2851 1826 2908 aula
1858 2853 2151 2912 Palatina
2173 2868 2285 2914 aut
2306 2859 2372 2915 in
2388 2862 2706 2936 provincia
2727 2884 2870 2943 ges-

693 2957 837 3012 cisse
871 2954 1105 3012 videtur
1141 2974 1223 3011 ex
1255 2973 1315 3011 v.
1344 2950 1426 3016 48
1463 2954 1758 3030 Panegyr.
1789 2953 1855 3008 in
1891 2952 2136 3014 laudem
2176 2960 2505 3037 Anastasii3
2557 2964 2718 3044 quod
2753 2980 2864 3044 ego

697 3067 906 3116 tamen'
938 3057 1280 3114 nullatenus
1321 3052 1497 3112 video
1515 3097 1533 3128 ,
1576 3065 1646 3112 ut
1683 3057 1748 3112 in
1781 3056 1940 3113 notis
1977 3055 2054 3113 ad
2091 3079 2230 3118 eum
2264 3061 2464 3120 locum
2490 3067 2865 3143 patefaciam.

696 3169 930 3238 praeter
952 3156 1103 3216 haec
1127 3156 1282 3216 nihil
1307 3154 1474 3217 aliud
1501 3158 1568 3214 in
1594 3167 1875 3236 promptu
1895 3155 2109 3235 habeo,
2153 3163 2315 3242 quod
2343 3163 2418 3223 de
2440 3167 2532 3225 Fl.
2550 3168 2865 3231 Cresconio

693 3262 950 3341 eurippo
978 3261 1257 3322 Africano
1281 3258 1667 3340 grammatico
1696 3278 2176 3324 commemorem.

1369 4116 1422 4174 p.
1445 4102 1498 4158 11
1528 4115 1581 4160 v.
1605 4104 1636 4159 1
1669 4115 1764 4176 pro
1785 4107 2044 4177 qwlege
2063 4123 2211 4178 quas.
