3210 5200
655 404 802 475 308
1052 398 1331 468 worm
1378 397 1469 464 m
1518 394 1907 463 nemen.
1955 396 2405 478 maenum

656 570 838 627 etiam
865 564 1210 644 compositor
1233 582 1464 620 morum
1490 562 1641 620 iuris
1665 561 2010 643 legumque,
2051 572 2109 621 et
2133 572 2328 621 custos
2354 556 2631 621 ἰιισιίἅαε.
2689 558 2828 622 vide

655 655 919 714 Brisson.
950 650 1167 710 Select-
1196 649 1467 726 antiquit.
1554 648 1741 705 Rrrr.

823 737 929 799 29.
1012 752 1259 790 munera
1282 732 1523 810 temnis]
1567 740 1635 789 ut
1673 749 1826 812 quae
1872 731 2054 789 etiam
2098 730 2436 810 sapientum
2474 730 2675 789 oculos
2715 747 2827 788 ex-

659 839 897 880 caecare
922 820 1185 892 soleant,
1240 826 1390 875 teste
1417 816 1732 895 Sapiente3
1789 834 1909 895 qua
1957 817 2140 875 etiam
2183 814 2259 875 de
2299 832 2476 873 causa
2514 824 2673 873 vetat
2718 815 2824 873 illa

659 907 945 983 accipere.
1030 912 1090 962 et
1125 901 1510 960 saluberrime
1571 902 1957 959 constitutum
2008 911 2099 960 est
2138 900 2310 959 litem
2354 896 2603 977 perdere
2647 901 2824 957 etiam

661 1010 801 1048 eum
829 991 932 1069 qui
964 985 1148 1046 iudici
1182 978 1329 1067 quid
1357 982 1619 1060 dederit,
1659 994 1728 1043 ut
1755 982 2089 1044 secundum
2122 1004 2220 1061 se,
2277 985 2550 1065 quamvis
2579 986 2642 1041 in
2668 984 2828 1042 bona

660 1093 836 1133 causa
853 1118 870 1147 ,
912 1072 1352 1152 pronuntiaret:
1398 1089 1543 1129 nam
1572 1067 1734 1127 hunc
1758 1087 1995 1149 quoque
2026 1070 2250 1128 crimen
2275 1066 2617 1128 contrahere
2644 1077 2704 1127 et
2726 1069 2828 1127 iu-

660 1157 856 1216 dicem
892 1174 1265 1234 corrumpere
1305 1152 1498 1215 videri
1539 1151 1719 1213 tradit
1749 1152 1987 1235 ulpian.
2026 1154 2091 1213 in
2115 1154 2161 1214 l.
2188 1158 2233 1219 2
2260 1148 2296 1234 §
2331 1154 2441 1213 ult.
2471 1155 2549 1213 1).
2576 1152 2652 1212 de
2683 1172 2829 1212 con-

660 1241 802 1301 dict.
828 1243 904 1300 ob
931 1251 1088 1320 turp.
1123 1259 1284 1299 caus.
1368 1234 1553 1298 Rrrr'.
2526 1263 2533 1268 ’

829 1330 932 1390 82.
1010 1326 1278 1404 gemino]
1309 1325 1637 1403 magisterii
1667 1333 1726 1382 et
1758 1332 2144 1405 quaesturae:
2171 1340 2315 1380 nam
2344 1322 2454 1380 illa
2481 1318 2601 1379 duo
2627 1320 2830 1379 officia

661 1413 999 1493 frequenter
1024 1408 1548 1487 coniungebantut.
1634 1407 1964 1468 Cassiodor.
1995 1410 2031 1471 1
2071 1427 2166 1487 ep.
2200 1410 2301 1470 13.
2382 1406 2568 1464 Rutil.
2593 1408 2831 1465 Numa-

661 1499 806 1556 tian.
838 1498 1039 1554 Itiner.
1073 1498 1145 1556 1:
1207 1494 1427 1573 officiis
1452 1514 1711 1573 regerem
1735 1514 1873 1551 cum
1902 1494 2071 1572 regia
2097 1495 2233 1549 ium
2258 1492 2556 1569 magister.
2646 1500 2736 1548 est
2766 1499 2831 1548 et

663 1581 868 1639 titulus
914 1579 981 1638 C.
1022 1575 1442 1638 Theodosiano
1470 1579 1577 1636 lib.
1618 1581 1657 1641 6
1686 1580 1780 1636 tit.
1817 1581 1879 1640 9.
1921 1579 2205 1636 Dsnrsr.
2286 1584 2536 1655 utroque
2579 1591 2834 1633 munere

661 1666 1058 1725 Tribonianus
1090 1682 1327 1743 quoque
1357 1661 1518 1742 apud
1538 1663 1932 1721 Iustinianum
1956 1663 2195 1720 functus
2221 1667 2364 1717 erat.
2448 1660 2638 1716 Rrrw.

826 1746 928 1810 34.
1019 1747 1330 1824 Sapientia
1383 1746 1712 1804 maiuscula
1751 1746 1948 1803 littera
1994 1740 2453 1804 conscribenda:
2546 1740 2831 1801 alluditur

658 1833 819 1889 enim
851 1830 1030 1889 simul
1059 1829 1137 1887 ad
1162 1849 1382 1887 nomen
1406 1831 1796 1909 imperatricis
1829 1839 1888 1887 et
1916 1832 2111 1908 ipsam
2136 1831 2510 1907 sapientiam.
2553 1828 2800 1886 ΒΛιτιι.

824 1917 926 1980 88.
1010 1912 1089 1971 ad
1134 1914 1383 1972 verbum
1428 1934 1510 1973 ex
1547 1916 1740 1991 elegia
1768 1912 1964 1972 Ovidii
1996 1912 2075 1971 ad
2108 1915 2378 1971 Liviam:
2436 1912 2503 1968 in
2543 1922 2600 1968 te
2631 1913 2831 1970 oculos

657 2019 946 2077 auresque
979 1997 1194 2070 trahis,
1236 2009 1343 2056 tua
1360 1999 1546 2077 sacta
1581 2009 1876 2056 notamus.
1967 1995 2165 2057 ovidii
2197 1995 2363 2072 dico,
2410 1993 2575 2077 quod
2601 1995 2827 2055 validas

658 2086 913 2143 rationes
959 2084 1203 2140 arbitrer
1245 2084 1461 2164 quibus
1503 2086 1604 2141 isti
1650 2084 1901 2141 asseruit
1931 2079 2065 2141 10h.
2090 2082 2491 2157 Passeratius,
2534 2079 2824 2143 invalidas

657 2189 812 2249 quae
853 2169 1139 2247 eripiunt,
1207 2166 1667 2227 invalidissimas
1714 2185 1868 2248 quae
1884 2182 1885 2185 ’
1903 2164 2133 2225 Pedoni
2178 2164 2543 2225 adscribunt.
2624 2178 2822 2224 tamen

656 2253 828 2313 nobis
853 2250 1181 2311 iucundum
1206 2250 1322 2313 hoc
1346 2272 1564 2311 nomen
1579 2297 1596 2327 ‚
1642 2261 1703 2309 et
1729 2252 1907 2309 facile
1943 2271 2014 2310 eo
2040 2253 2284 2310 utimur.
2369 2252 2618 2311 Bam-n.

820 2335 924 2401 42.
1009 2355 1187 2414 supra
1215 2333 1291 2394 de
1318 2356 1385 2395 se
1409 2335 1489 2394 ad
1511 2338 1840 2395 Iustinum:
1865 2336 2055 2415 sessis
2075 2337 2297 2394 Musis.
2385 2337 2633 2395 ΒΑιιτιι.

821 2419 925 2484 43.
1007 2431 1077 2479 nt
1105 2439 1283 2500 supra
1310 2421 1653 2500 Sapientiae
1668 2464 1686 2494 ‚
1729 2422 1816 2479 sic
1837 2418 2016 2479 isthic
2038 2420 2396 2499 vigilantiae
2426 2439 2649 2479 nomen
2677 2420 2826 2479 scri-

653 2504 937 2581 bendum,
970 2506 1311 2584 negligente
1337 2506 1477 2565 licet
1504 2504 1843 2565 scholiaste.
1927 2507 2177 2564 EAM-11.

821 2589 923 2654 44.
1008 2592 1170 2650 sacri
1191 2591 1410 2671 apices]
1441 2592 1752 2651 notissima
1775 2590 2097 2670 appellatio
2123 2589 2637 2670 imperatoriamm
2658 2590 2828 2649 litte-

655 2696 858 2735 rarum
890 2685 1009 2752 est,
1050 2686 1118 2733 ut
1143 2685 1202 2733 et
1231 2678 1478 2738 sanctio.
1565 2686 1775 2734 nactus
1803 2694 1942 2734 vero
1974 2675 2048 2733 ab
2072 2677 2427 2754 imperatore
2453 2676 2680 2734 litteras
2711 2695 2829 2733 ex-

655 2758 989 2842 sequendas
1031 2757 1148 2818 hoc
1190 2763 1451 2818 carmine
1501 2762 1801 2840 quaestori
1842 2758 2032 2818 offert.
2075 2762 2324 2819 niam-n.
2407 2761 2571 2817 sacri
2600 2762 2827 2837 apis-es,

654 2856 722 2903 ut
754 2849 944 2904 sentIo
966 2887 984 2918 ‚
1039 2846 1413 2924 appellantur
1453 2841 1556 2902 hic
1584 2865 1621 2901 a
1649 2845 1901 2923 corippo
1931 2845 2046 2923 ipsi
2072 2841 2140 2901 hi
2166 2844 2304 2902 libri
2330 2864 2366 2902 a
2391 2864 2457 2903 se
2486 2847 2825 2923 conscripti,

654 2939 857 3005 utpote
894 2929 998 3008 qui
1034 2925 1110 2984 de
1153 2932 1365 2988 Iustini
1404 2927 1682 2987 laudibus
1723 2938 1965 3006 agerent
2008 2928 2323 3009 eidemque
2361 2931 2587 2989 Iustino
2628 2939 2826 2987 essent

654 3010 868 3070 dicati:
911 3010 1199 3093 quicquid
1225 3015 1386 3073 enim
1404 3010 1484 3072 ad
1512 3015 1897 3093 imperatores
1919 3013 2270 3092 pertinebat,
2313 3034 2554 3072 sacrum
2584 3011 2826 3072 diceba-

652 3105 768 3156 tur.
850 3098 1048 3157 Fooo.
2072 3115 2073 3120 ¹

818 3179 922 3246 45.
1006 3183 1266 3262 sanc-th]
1308 3182 1415 3242 lex
1441 3192 1562 3259 est,
1608 3183 1785 3243 etius
1811 3183 2012 3263 ipsum
2038 3182 2334 3262 postulat,
2376 3192 2446 3242 ut
2469 3182 2591 3240 mei
2619 3200 2826 3240 curam

653 3274 938 3344 tanquam
959 3268 1116 3324 servi
1139 3270 1321 3327 vestri
1343 3270 1697 3348 suscipiatis.
1739 3270 1923 3328 Rrrr.
2008 3267 2144 3346 lege
2172 3266 2284 3325 tibi
2303 3269 2513 3326 εαυοία
2535 3276 2825 3337 vestrum,

653 3358 719 3407 ut
744 3351 953 3408 saucia
990 3347 1069 3408 ad
1097 3371 1374 3412 causamn
1414 3354 1736 3429 referatur,
1800 3350 1963 3435 quod
2007 3350 2261 3412 suadent
2301 3372 2453 3434 quae
2496 3360 2825 3431 sequuntur

653 3453 711 3493 v.
749 3432 851 3498 48.
910 3436 996 3494 sic
1019 3437 1085 3492 in
1107 3437 1365 3497 Praefat.
1393 3457 1452 3497 v.
1483 3437 1587 3502 48.
1630 3435 1872 3498 Vorcx.
1957 3457 2080 3498 vox
2104 3437 2331 3497 sancet>
2356 3435 2456 3495 hic
2478 3433 2632 3494 mihi
2654 3433 2819 3493 idem

653 3528 824 3577 sonat
866 3538 938 3578 ac
978 3519 1288 3580 dedicatas.
1378 3523 1466 3581 sic
1500 3524 1724 3582 Statius
1752 3524 1901 3583 silv.
1945 3527 1985 3588 8
2026 3527 2068 3588 8
2114 3521 2238 3588 215
2273 3522 2507 3601 scripsit
2546 3521 2819 3577 carmina

652 3603 830 3661 alicui
855 3607 1084 3663 saneim
1104 3626 1211 3684 pro
1241 3626 1602 3688 nuncupare,
1648 3606 1944 3684 dedicare,
1987 3625 2351 3665 consecrare.
2394 3602 2607 3665 eodem
2636 3622 2816 3662 sensu

651 3684 1141 3835 i4de131400rippus
1182 3703 1422 3771 usurpat
1460 3712 1707 3751 sanxere
1737 3694 1773 3755 1
1804 3692 1963 3767 316,
2013 3692 2245 3750 &anche
2270 3696 2315 3757 2
2348 3692 2501 3768 162,
2540 3697 2819 3748 mm

723 3777 764 3837 2
848 3813 867 3831 .
949 3775 1146 3834 Foco.

816 3854 921 3922 46.
1004 3859 1198 3918 arbori
1241 3879 1276 3917 e
1318 3859 1482 3918 fonte
1527 3862 1758 3920 bibenti
1812 3861 2039 3920 confert
2082 3859 2482 3919 Anastasium.
2566 3854 2817 3914 memini

653 3949 854 3998 autem
891 3942 1091 4021 legere
1116 3945 1476 4004 Aristomeni
1521 3944 1728 4005 datum
1765 3947 2087 4021 oraculum,
2147 3964 2284 4003 cum
2309 3943 2522 4002 Nedae
2535 3939 2817 4020 fhmuiriis

649 4044 875 4104 aquam
901 4026 1105 4087 heb-eus
1123 4039 1422 4107 potasset,
1463 4041 1709 4108 capham
1731 4033 1812 4088 ἐπ’
1836 4031 2006 4090 Iram
2024 4041 2305 4100 montem,
2346 4039 2403 4086 et
2423 4027 2497 4087 ob
2524 4026 2595 4084 id
2605 4021 2819 4103 prohi-

652 4107 840 4168 bitum
885 4132 960 4170 ne
996 4113 1152 4170 lab-ci
1189 4113 1329 4172 inde
1373 4113 1649 4173 biberent.
1741 4126 1802 4173 at
1850 4115 2153 4195 caprificus
2199 4123 2324 4171 erat
2356 4114 2529 4172 iuxta
2572 4110 2818 4182 flumen,

651 4197 817 4255 cuius
842 4196 986 4256 folia
1015 4199 1293 4256 inclinata
1319 4200 1383 4255 in
1407 4199 1693 4258 fluentum
1717 4200 2073 4279 vergebant3
2123 4199 2435 4257 Messeniis
2474 4205 2674 4254 autem
2713 4211 2819 4251 ca-

646 4280 879 4355 prificus
915 4279 1129 4338 dicitur
1161 4275 1380 4363 τρᾶγος
1399 4307 1419 4341 .-
1484 4305 1556 4342 ea
1596 4287 1780 4365 igitur
1811 4303 1891 4342 ex
1914 4285 2086 4363 'aqua
2120 4283 2359 4341 bibente
2399 4300 2575 4339 mons
2611 4287 2816 4356 captus

655 4372 763 4422 est.
849 4362 1064 4426 Suidas
1093 4368 1155 4423 in
1185 4386 1326 4426 voce
1353 4361 1585 4453 τράγος.
1670 4366 2051 4449 corrigendus
2081 4368 2327 4445 Statius,
2356 4364 2569 4425 eadem
2594 4365 2699 4424 ine
2729 4361 2818 4420 si·-
