3210 5200
657 399 802 471 202
1260 400 1597 467 GORIPPI
1645 401 1760 465 DE
1809 400 2220 468 LAUDIBUS

820 566 1062 623 vincens
1088 566 1221 622 luce
1250 563 1441 639 diem,
1483 567 1624 644 plus
1653 568 1962 623 maiestate
1988 565 2253 625 sedentis

654 671 783 733 130Δ
817 668 1072 725 lucidior
1103 670 1430 748 meliorque
1461 670 1575 725 sui.
1660 670 2042 746 primumque
2071 679 2311 727 senatus

818 789 1039 848 pronus
1064 766 1363 843 adoravit,
1397 761 1642 827 “vincas
1672 763 1941 827 Iustine”
1974 788 2292 847 perorans:

812 866 1094 929 “consule
1127 880 1186 927 te
1213 871 1394 945 felix,
1438 881 1497 928 te
1525 873 1792 949 principe
1821 872 2026 928 floreat
2052 871 2233 928 orbis.

816 974 977 1031 salve
996 1018 1012 1046 ‚
1055 976 1458 1050 Augustorum
1482 976 1717 1033 numeri
1743 994 1864 1030 non
1895 972 2101 1030 ordine
2128 976 2321 1051 prime

817 1074 924 1134 sed
948 1077 1180 1146 meriti3
1224 1076 1471 1151 largitor
1503 1096 1715 1153 opum,
1759 1078 2006 1152 largitor
2033 1073 2349 1149 honorum,

653 1176 773 1242 135
816 1178 1105 1234 libertatis
1136 1196 1291 1254 apex
1310 1222 1325 1248 ‚
1368 1176 1582 1234 mnndi
1611 1188 1818 1256 caput,
1861 1179 2036 1234 unica
2064 1179 2250 1234 virtus

821 1291 881 1338 et
906 1298 1103 1336 rerum
1133 1279 1447 1336 manifesta
1481 1281 1674 1352 salus,
1717 1289 2022 1357 reparator
2050 1279 2236 1355 opimi

815 1383 1100 1441 nominis.
1187 1383 1448 1459 antiquis
1475 1378 1726 1439 redeunt
1748 1399 1904 1438 nova
1930 1382 2164 1438 saecula
2198 1381 2396 1440 fastis:

819 1483 1074 1559 Augusti
1104 1484 1364 1559 primum
1392 1486 1690 1541 renovasti
1713 1484 1981 1541 Caesaris
2007 1503 2240 1541 aevum.

823 1586 1037 1642 clarius
1067 1594 1157 1641 est
1186 1586 1521 1662 meliusque
1548 1595 1752 1641 tuum:
1796 1595 1898 1641 tna
1928 1584 2148 1663 gaudia
2171 1597 2389 1643 tecum.

657 1684 776 1749 140
818 1682 957 1742 hinc
978 1695 1173 1741 vester
1198 1688 1428 1761 primus
1456 1686 1712 1741 feliciter
1736 1688 1942 1763 incipit
1968 1706 2180 1760 annus,

819 1796 1072 1864 votaque
1099 1786 1269 1864 plura
1298 1790 1419 1842 tuis
1442 1787 1700 1843 celebret
1730 1806 1884 1844 nova
1907 1789 2099 1845 Roma
2128 1778 2506 1866 triumphis?

818 1886 957 1946 inde
984 1898 1322 1944 senatorum
1354 1907 1519 1944 sacro
1551 1891 1871 1945 recitantur
1896 1889 1970 1946 ab
1997 1884 2134 1944 albo

811 1992 1055 2046 nomina
1076 2035 1092 2063 ,
1137 1992 1451 2071 conscripti
1472 1999 1669 2067 patres
1696 2009 1813 2069 qua
1838 2010 1983 2048 voce
2010 1991 2173 2047 citati

812 2089 1100 2148 accedunt
1130 2088 1382 2163 hilares,
1432 2092 1807 2170 subeuntque
1839 2093 2125 2150 altissima
2155 2088 2315 2149 sedis

651 2193 768 2258 145
813 2195 1107 2267 culmina,
1151 2192 1544 2271 praetendunt
1569 2193 1841 2267 dextras,
1887 2204 1946 2251 et
1969 2195 2233 2271 praemia
2258 2208 2500 2253 sumunt

815 2296 1078 2367 consulis
1106 2306 1164 2352 et
1191 2293 1403 2354 mundi
1433 2294 1690 2371 donnini,
1735 2295 2025 2376 donisque
2055 2297 2296 2373 superbi
2329 2315 2331 2317 '

808 2400 974 2455 fulvo
1000 2399 1176 2476 plena
1206 2399 1404 2454 ferunt
1431 2408 1711 2475 argentea
1737 2418 1877 2455 vasa
1891 2399 2176 2456 metallo.

809 2500 1007 2579 qualia
1033 2495 1277 2557 fecundi
1302 2510 1654 2558 convectant
1677 2519 1926 2558 munera
1960 2503 2155 2578 campi

812 2603 1136 2680 agricolae,
1177 2622 1312 2660 cum
1337 2613 1506 2684 prata
1534 2606 1760 2677 virent,
1804 2603 2118 2682 plenisque
2149 2602 2419 2660 canistris

646 2705 768 2769 150
809 2706 936 2763 lilia
966 2711 1110 2762 cana
1139 2706 1371 2779 ferunt,
1415 2703 1804 2785 mediumque
1836 2707 2171 2764 intermicat
2207 2723 2421 2763 nurum

816 2810 976 2865 floris
1006 2806 1319 2864 odoriferi:
1366 2805 1692 2885 primordia
1720 2807 1932 2864 fertilis
1957 2810 2104 2863 anni

810 2907 964 2964 ferre
1003 2905 1250 2966 domum
1274 2908 1568 2985 gandent,
1615 2919 1935 2986 postesque
1963 2918 2023 2964 et
2045 2908 2255 2963 limina
2288 2920 2548 2984 comunt,

811 3019 871 3065 et
900 3029 1005 3065 sua
1029 3009 1336 3088 placandis
1356 3020 1601 3068 nectunt
1628 3009 1871 3069 donaria
1895 3010 2159 3087 templis.

808 3119 951 3168 tunc
979 3122 1279 3170 oratorum
1302 3116 1578 3190 geminae
1602 3111 1883 3170 facundia
1907 3112 2148 3187 linguae

648 3213 766 3277 155
810 3217 1077 3291 egregias
1110 3218 1321 3272 cecinit
1347 3216 1629 3273 sollemni
1663 3235 1909 3272 munere
1937 3212 2150 3272 laudes

688 3305 695 3312 Ι
808 3318 1069 3376 consulis
1093 3319 1381 3395 Augusti:
1441 3316 1639 3395 dignis
1668 3318 1904 3377 fortuna
1932 3318 2201 3375 favorem

805 3419 1078 3496 praebuit
1097 3464 1113 3494 ,
1155 3431 1213 3478 et
1238 3422 1408 3480 iustis
1438 3423 1722 3480 successit
1750 3424 1940 3499 gratia
1971 3419 2168 3479 dictis.

808 3542 844 3580 o
872 3522 1190 3597 fortunati,
1236 3524 1450 3602 quibus
1484 3534 1573 3581 est
1598 3543 1679 3580 ex
1707 3524 1886 3584 rebus
1909 3521 2219 3581 abundans

805 3623 1054 3683 laudum
1084 3623 1392 3684 materies!
1441 3623 1587 3705 quid
1618 3645 1739 3682 non
1761 3623 2062 3683 laudabile
2091 3623 2317 3698 dicunt,

641 3728 761 3789 160
805 3731 907 3806 qui
935 3731 1122 3785 vitani
1139 3773 1156 3802 ,
1199 3730 1351 3785 tanti
1380 3731 1486 3806 qui
1510 3730 1796 3806 principis
1820 3739 1948 3785 acta
1974 3725 2300 3805 reponunt!

804 3832 940 3908 quis
969 3830 1083 3889 fuit
1113 3831 1216 3887 ille
1243 3827 1486 3908 fragor?
1529 3841 1729 3888 tantus
1757 3831 1930 3888 favor
1960 3829 2120 3887 unde
2149 3842 2433 3908 repertus,

803 3943 893 3991 tot
924 3931 1303 3991 laudatorum
1331 3928 1657 3989 numerus?
1703 3931 1920 4011 quibus
1951 3931 2173 3989 artibus
2199 3933 2292 3987 usi

804 4045 864 4093 et
892 4035 1108 4114 quibus
1133 4035 1389 4111 ingeniis
1406 4031 1437 4089 ’ἶ
1491 4045 1717 4112 quanto
1746 4035 2058 4091 conamine
2086 4034 2204 4089 nisi

806 4147 945 4192 tunc
973 4134 1236 4213 phaleris
1260 4133 1538 4215 phaleras
1565 4144 1625 4191 et
1657 4134 1937 4192 laudibus
1961 4132 2182 4194 addere
2206 4133 2468 4193 laudes?

646 4243 763 4305 165
806 4259 925 4297 non
954 4249 1198 4317 potuere
1225 4249 1426 4295 tamen
1449 4246 1688 4294 sanctae
1719 4236 2007 4293 miracula
2040 4239 2200 4295 vitae
2267 4255 2284 4272 ·

809 4341 1116 4402 ordinibus
1140 4360 1452 4398 numerare
1479 4343 1638 4400 suis:
1680 4336 1879 4398 divina
1911 4339 2128 4400 referre
