3210 5200
736 388 887 462 420
1352 353 1643 456 NOTAE
1689 388 1781 456 m
1823 386 2146 456 mamm
2191 387 2288 456 111

736 555 798 612 in
824 551 936 613 hoc
958 558 1132 632 poeta
1161 551 1476 632 aliquoties
1504 552 1780 610 tenebras
1803 552 1987 610 miras
2010 551 2223 612 fecisse
2251 551 2590 611 notavimus
2619 552 2744 609 iam
2772 552 2914 631 plus

733 641 942 699 semel.
983 640 1231 696 Burni.
1275 637 1614 715 legebatur:
1659 639 1809 695 visa.
1837 637 2052 716 filicis
2068 640 2264 716 geniti
2288 656 2456 695 veras
2480 669 2584 694 ——.

904 722 1050 786 115.
1120 721 1331 802 filicis
1357 724 1554 801 geniti
1590 724 1760 780 *jeraa
1794 720 1883 779 ibi
1922 724 2150 781 credere
2167 741 2606 800 possea-sacras
2639 721 2906 800 φῇς-ἰῶ]

737 807 856 866 duo
884 805 951 865 hi
974 826 1179 867 versus
1208 810 1292 865 ita
1324 805 1643 886 depravate
1676 808 2024 884 legebantur
2063 809 2128 864 in
2157 826 2251 865 ms
2281 807 2611 886 exemplari
2633 823 2653 863 t
2693 805 2911 884 selice:

692 897 695 900 ’
732 894 930 972 goniti
952 913 1123 950 verae
1146 890 1234 949 ibi
1253 893 1483 950 credere
1498 911 1699 969 posses
1723 912 1928 950 sacras
1955 902 2012 949 ει
2020 892 2228 970 figies.
2318 893 2505 950 Rmz.

754 1005 761 1010 ’
913 982 1051 1042 117.
1134 977 1270 1055 lege
1287 987 1555 1056 possent5
1597 979 1683 1035 sic
1711 997 1918 1036 sensus
1949 981 2156 1055 exigit.
2239 978 2482 1036 Voncx.
2527 1017 2528 1020 η

914 1064 1052 1125 118.
1139 1058 1287 1142 quid
1312 1072 1401 1120 est
1432 1061 1700 1120 addendi
1731 1061 1963 1120 vitam?
2044 1063 2267 1119 mirum
2305 1059 2459 1119 mihi
2504 1056 2651 1139 quid
2689 1060 2910 1137 egerint

742 1157 845 1207 aut
887 1165 1005 1228 quo
1037 1143 1295 1204 viderint
1326 1148 1440 1205 viri
1471 1144 1627 1205 docti
1665 1147 1903 1226 Corippi
1936 1148 2391 1205 commentarios
2420 1144 2707 1225 professi,
2771 1142 2911 1201 dum

741 1253 818 1291 ne
860 1251 977 1289 una
1021 1230 1267 1313 quidem
1301 1251 1447 1290 voce
1483 1241 1612 1290 tam
1645 1231 1866 1290 absona
1906 1232 2036 1290 loca
2081 1250 2349 1289 enarrare
2390 1232 2485 1288 vel
2539 1230 2673 1287 aliis
2719 1230 2912 1286 saltim

747 1315 1077 1376 enarranda
1103 1314 1399 1391 addicere,
1446 1335 1599 1397 quae
1626 1336 1831 1375 eorum
1857 1318 1921 1374 in
1948 1317 2168 1374 talibus
2200 1318 2276 1374 sit
2308 1316 2647 1389 auctoritas,
2689 1311 2912 1392 dignati

745 1412 905 1462 sunt.
991 1421 1152 1461 error
1172 1422 1251 1460 ex
1281 1402 1720 1461 abbreviatione
1748 1398 2031 1460 oriundus
2062 1412 2170 1460 est.
2256 1402 2480 1459 scribe:
2521 1419 2626 1457 ars
2651 1411 2705 1456 et
2729 1409 2912 1455 mate-

745 1489 857 1545 ries
886 1489 1124 1545 animae
1146 1487 1331 1546 annul
1358 1486 1579 1568 addere
1590 1488 1826 1564 possint
1853 1486 1982 1567 (ms
2006 1483 2333 1564 possunt),
2384 1483 2653 1544 addenda·
2689 1485 2911 1542 ventam

745 1573 866 1630 nisi
885 1582 978 1641 ιιι,
1040 1582 1288 1642 natura,
1343 1591 1638 1651 negasses.
1728 1581 1855 1629 tam
1898 1581 2036 1649 apta
2070 1573 2377 1644 materies,
2435 1580 2564 1627 tam
2610 1569 2914 1628 artificiosa

747 1676 862 1734 ars,
907 1667 1036 1715 tam
1064 1667 1461 1714 convenerant
1490 1654 1736 1714 eaedem
1764 1658 2067 1730 concinne,
2095 1666 2180 1731 ut,
2211 1657 2263 1714 si
2287 1673 2397 1734 per
2419 1664 2696 1730 naturam
2715 1654 2915 1710 licuis-

747 1751 872 1814 set,
935 1743 1118 1798 etiam
1155 1741 1431 1819 spiritum
1473 1742 1750 1820 operibus
1790 1737 2109 1799 dedissent.
2195 1741 2280 1798 sic
2316 1743 2381 1798 in
2427 1738 2914 1798 artificiosissimis

748 1825 1023 1903 operibus
1050 1822 1462 1904 ὑπερβολικῶς
1492 1828 1674 1883 etiam
1699 1827 1975 1903 spiritum
2000 1829 2284 1904 apparere
2311 1823 2534 1882 dicunt.
2619 1825 2846 1881 Plinius
2877 1821 2916 1885 8

749 1929 845 1987 ep.
874 1911 913 1971 6
940 1906 1014 1966 de
1038 1911 1207 1986 signo
1222 1906 1525 1967 Corinthio
1558 1929 1593 1967 a
1618 1928 1683 1967 se
1711 1919 1945 1988 empto:
1977 1911 2204 1988 effingit
2229 1929 2424 1967 senem
2449 1919 2725 1967 alcmeon.-
2759 1925 2919 1976 occa,

747 1992 1032 2062 musculi,
1075 1994 1267 2063 nervi,
1307 2013 1519 2065 venae,
1559 2013 1750 2073 rugae
1778 1996 1958 2052 etiam
1983 2005 2052 2051 ut
2072 1996 2358 2071 spirantis
2381 2003 2689 2071 apparent.
2737 1992 2915 2048 Clan-

749 2076 960 2137 dianus
988 2078 1149 2136 bello
1178 2078 1416 2136 Getico:
1459 2089 1756 2159 raptaque
1765 2079 2080 2158 flagranti
2103 2079 2401 2157 spir-antia
2427 2080 2598 2159 segma
2736 2076 2750 2089 ‘

746 2164 997 2223 BAnrn.

921 2249 1063 2311 119.
1146 2249 1410 2308 Plinius:
1470 2250 1642 2306 cuius
1681 2248 2093 2328 magnitudini
2124 2268 2199 2306 ne
2236 2248 2400 2307 illud
2433 2246 2668 2328 quidem
2699 2243 2916 2314 obstat,

752 2333 917 2412 quod
931 2343 1127 2390 nostro
1156 2334 1391 2391 saeculo
1417 2344 1598 2391 natus
1627 2335 1723 2390 εἰι.
1778 2332 1952 2393 ovid.
1985 2332 2059 2391 de
2085 2336 2276 2393 Ponto
2306 2332 2347 2395 4
2382 2336 2458 2396 16
2479 2351 2497 2391 =
2521 2333 2713 2411 sama
2738 2331 2920 2387 nmio?

742 2428 883 2495 post
906 2419 1147 2475 etheree.
1234 2421 1408 2478 Mart.
1435 2422 1474 2484 5
1506 2422 1694 2497 epigr.
1728 2421 1840 2482 10:
1873 2429 2014 2496 post
2030 2418 2182 2498 sata
2210 2419 2373 2494 veni(
2387 2417 2612 2497 gloria.
2698 2413 2920 2473 invidia

754 2503 1084 2561 viventium
1110 2503 1332 2581 gloriae
1363 2501 1652 2580 detrahit,
1694 2523 1855 2562 mors
1886 2523 2103 2561 nomen
2132 2504 2430 2561 conciliat.
2514 2504 2721 2560 Horat.
2753 2501 2918 2578 epist.

752 2589 799 2650 2
842 2594 917 2652 1:
992 2591 1359 2670 miraturque
1401 2588 1561 2647 nihil
1601 2589 1725 2647 nisi
1764 2589 1932 2668 quod
1960 2587 2238 2647 Libitina
2277 2588 2558 2647 sacravit.
2644 2588 2920 2645 Dsnrsr.

753 2688 1003 2750 gnome,
1069 2693 1186 2756 qua
1224 2695 1396 2733 suam
1439 2694 1681 2754 operam
1722 2694 1899 2754 supra
1945 2677 2145 2732 omnia
2180 2675 2324 2732 talia
2356 2692 2532 2752 opera
2562 2671 2922 2752 principibus

753 2760 1087 2817 aeternitati
1142 2757 1352 2818 dandis
1411 2756 1806 2819 commendat.
1909 2757 2158 2838 pulchre
2206 2761 2472 2817 Avienus
2515 2759 2579 2815 in
2625 2756 2922 2833 Periegesi

753 2838 1165 2922 Dionysiana:
1250 2845 1453 2903 Musis
1492 2845 1811 2903 intermina
1852 2846 1979 2902 νίια
2013 2853 2350 2923 permanet,
2410 2853 2468 2900 et
2506 2843 2754 2899 memori
2794 2840 2922 2897 Iam

755 2944 984 3001 semper
997 2926 1277 3004 pullulat
1303 2949 1469 2985 aevo.
1556 2931 1898 3006 Propertius
1931 2933 2005 2991 3:
2062 2939 2130 2986 at
2164 2946 2285 2986 non
2321 2928 2560 3008 ingenio
2599 2928 2923 3008 quaesitum

756 3027 969 3067 nomen
996 3008 1075 3067 ab
1115 3029 1261 3067 aevo
1294 3009 1543 3068 excidit:
1600 3013 1840 3089 ingenio
1878 3022 2003 3069 stat
2025 3016 2150 3070 sine
2185 3024 2366 3071 nwrte
2390 3013 2592 3071 decue.
2678 3014 2920 3070 ΒΑΚ-ΠΙ.

739 3091 965 3174 sama]
1008 3093 1318 3173 legebatur
1341 3103 1515 3151 antea
1532 3094 1805 3171 samam.
1892 3095 2158 3154 imitatur
2193 3116 2432 3157 versum
2461 3097 2647 3175 vulgo
2682 3107 2921 3154 notum:

756 3178 983 3235 vivitur
1004 3179 1268 3258 ingenio,
1325 3189 1514 3236 cetera
1538 3181 1744 3238 mortis·
1769 3191 1960 3238 erunt.
2049 3201 2233 3262 quam
2271 3184 2628 3242 sententiam
2660 3181 2924 3260 pluribus

756 3261 1048 3339 expolivit
1074 3260 1340 3337 Ovidius,
1380 3281 1492 3322 neo
1513 3284 1637 3323 non
1662 3266 1864 3325 Cicero
1892 3268 1958 3323 in
1987 3286 2057 3324 ea
2088 3287 2196 3345 pro
2221 3266 2482 3325 Archia.
2531 3277 2592 3324 et
2615 3265 2925 3344 magnifice

759 3341 836 3403 de
864 3348 987 3406 suis
1015 3348 1374 3407 carminibus
1402 3350 1681 3408 Horatius
1713 3355 1752 3414 3
1784 3353 1901 3414 30:
1959 3353 2126 3430 exegi
2147 3362 2590 3411 monumentum
2628 3370 2765 3408 aere
2783 3364 2926 3428 per*-

758 3431 988 3491 ennius.
1021 3435 1209 3491 Rrrr.
1292 3433 1652 3513 legesama.
1686 3437 1925 3495 Voncx.
2011 3456 2145 3494 cum
2171 3437 2393 3495 saeculi
2422 3437 2586 3495 aurei
2615 3438 2925 3514 scriptores

757 3517 952 3576 vivere
980 3521 1194 3589 vitam,
1245 3522 1440 3579 vivere
1472 3530 1726 3579 aetatem
1756 3519 2048 3597 dixerim,
2105 3519 2322 3581 haereo
2364 3541 2443 3581 an
2487 3518 2587 3580 hic
2637 3520 2925 3597 corrigere

754 3612 1022 3680 oporteat
1041 3604 1252 3683 sama.
1339 3606 1537 3664 Foco.
2031 3652 2038 3661 .

927 3692 1068 3755 121.
1150 3690 1279 3768 ipse
1302 3689 1782 3771 triumphorum.]
1868 3692 2255 3766 lastinianus,
2313 3693 2420 3772 qui
2446 3688 2520 3749 de
2551 3691 2782 3749 nomine
2808 3706 2923 3745 suo

759 3769 878 3828 dici
904 3775 1129 3831 curavit
1152 3783 1240 3832 tot
1267 3775 1439 3834 urbes
1468 3787 1527 3834 et
1558 3773 1780 3854 oppida
1803 3786 1862 3834 et
1890 3776 2073 3834 libros
2105 3787 2164 3836 et
2193 3774 2492 3835 scholares
2525 3786 2585 3834 et
2611 3776 2923 3852 magistra-

752 3865 848 3913 tus
880 3866 939 3913 et
966 3859 1230 3916 militum
1254 3857 1510 3933 ordines,
1555 3871 1617 3918 et
1637 3863 1837 3940 ipsum
1863 3880 2119 3941 quoque,
2163 3881 2281 3941 quo
2305 3861 2599 3933 utebatur,
2629 3857 2923 3930 diadema,

751 3941 1081 4021 quinetiam
1107 3944 1205 4001 vel
1232 3945 1425 4023 ipsam
1450 3946 1707 4024 primam
1736 3947 1829 4004 sui
1857 3949 2118 4005 nominis
2145 3947 2439 4021 litteram,
2505 3943 2674 4002 haud
2709 3944 2927 4003 mirum

752 4035 845 4084 est
890 4024 1052 4107 quod
1104 4029 1284 4085 etiam
1322 4031 1386 4086 in
1434 4031 1656 4109 patinis
1699 4032 2045 4111 poculisque
2092 4051 2159 4088 ac
2201 4033 2359 4089 vasis
2403 4030 2620 4088 Palatii
2667 4029 2927 4107 effigiem

750 4128 923 4172 auam
951 4121 1010 4170 et
1040 4131 1133 4170 res
1157 4132 1193 4170 a
1220 4132 1284 4171 se
1306 4113 1457 4171 bene
1486 4124 1682 4193 gestas
1708 4115 2021 4173 caelandas
2052 4118 2359 4175 curaverit.
2406 4118 2603 4173 Foco.

924 4201 1065 4261 122.
1153 4208 1210 4255 et
1236 4194 1351 4258 hoo
1372 4201 1767 4279 virgilianum
1800 4211 1888 4259 est
1916 4204 2066 4258 Aen.
2098 4205 2171 4263 2:
2215 4198 2525 4259 barbarico
2548 4208 2751 4277 postes
2782 4215 2928 4253 auro

749 4282 1070 4365 spoliisque
1104 4280 1362 4361 superbi.
1453 4283 1517 4345 id
1555 4295 1646 4343 est
1674 4286 1951 4345 Asiatico
1956 4328 1980 4356 ,
2023 4285 2319 4366 Phryga),
2361 4295 2428 4343 ut
2471 4287 2931 4363 interpretantur

745 4368 857 4425 viri
902 4366 1082 4429 docti.
1170 4370 1377 4429 Horat.
1425 4389 1608 4428 carm.
1652 4373 1694 4434 2
1739 4368 1817 4434 4:
1879 4369 2171 4430 barbarae
2213 4383 2445 4431 aarum
2482 4389 2592 4450 pro
2627 4368 2937 4429 Troianis.
