3210 5200
656 386 745 436 xl.
1406 365 2076 435 MAZZUCCHELLII

659 531 1025 616 peditionem
1069 543 1271 594 eontra
1308 532 1611 594 vandalos
1649 536 1978 615 pertinent,
2020 532 2196 593 facile
2235 535 2489 617 quisque
2520 531 2745 595 videbit
2774 535 2839 594 in

660 636 778 698 hoc
802 645 1077 717 poemate
1104 637 1344 715 Corippi
1364 655 1475 695 nos
1500 637 1676 716 plura
1703 640 1963 717 reperire
1981 682 1998 712 ,
2044 655 2124 695 ex
2167 639 2381 717 quibus
2422 654 2708 716 magnam
2738 634 2841 695 hi-

661 742 878 799 storiae
914 739 1229 798 Africanae
1269 738 1492 798 saeculi
1518 743 1557 802 6
1587 741 1868 799 lacunam
1897 742 2140 819 explere
2169 744 2487 820 possimus.
2574 739 2842 818 quinimo

664 843 868 920 aliqua
909 859 992 898 ex
1030 841 1365 899 Iohannide
1401 842 1688 900 rescimus
1730 862 1811 900 ex
1851 841 2025 901 rebus
2051 844 2115 899 in
2145 845 2351 902 Persia
2374 838 2585 899 eodem
2606 839 2844 898 saeculo

663 945 809 1001 actis
829 986 847 1017 ‚
897 962 1034 1001 cum
1075 962 1156 1002 ex
1199 941 1412 1001 eadem
1447 943 1690 1019 regione
1730 952 1972 1001 vocatus
2016 945 2199 1002 fuerit
2240 942 2536 1004 Iohannes
2575 951 2776 1000 noster
2812 958 2850 997 a

663 1044 990 1104 Iustiniauo
1007 1087 1025 1119 ,
1083 1053 1152 1102 ut
1178 1046 1245 1102 in
1276 1044 1541 1103 Africam
1575 1044 1702 1101 iam
1726 1046 1901 1103 tertio
1937 1046 2405 1125 proficisceretur
2435 1041 2513 1101 ad
2540 1041 2852 1100 debellan-

663 1145 774 1206 dos
809 1150 1047 1205 Mauros
1077 1145 1351 1204 rebelles.
1434 1145 1632 1203 fuerat
1663 1148 1715 1206 is
1745 1150 1906 1206 enim
1932 1151 2124 1227 primo
2151 1149 2217 1205 in
2243 1148 2445 1207 Africa
2475 1144 2585 1204 sub
2613 1144 2851 1201 Belisa-

663 1252 753 1309 rio
803 1268 860 1308 a.
893 1251 1016 1316 633
1066 1258 1269 1307 contra
1304 1245 1604 1307 Vandalus
1623 1293 1640 1323 ,
1681 1260 1751 1308 ut
1793 1261 1960 1330 patet
1997 1271 2077 1309 ex
2103 1251 2255 1309 libro
2286 1254 2317 1312 1
2346 1248 2533 1307 nostri
2557 1245 2851 1324 poematis

662 1372 724 1411 v.
757 1354 882 1416 880
899 1396 915 1427 ,
961 1361 1020 1408 et
1052 1346 1269 1408 deinde
1293 1350 1403 1408 sub
1430 1350 1728 1409 Germano
1759 1371 1815 1410 a.
1849 1353 1972 1417 587
1987 1396 2005 1428 ,
2063 1362 2132 1409 ut
2172 1359 2399 1409 constat
2443 1367 2524 1406 ex
2563 1348 2852 1424 Procopio

664 1451 741 1511 de
775 1450 927 1509 bello
969 1451 1170 1510 Vand.
1204 1452 1249 1509 l.
1281 1453 1324 1515 2
1350 1470 1401 1508 c.
1438 1455 1514 1516 17
1538 1472 1602 1530 p.
1637 1456 1782 1516 278.
1868 1451 2081 1533 quodsi
2114 1452 2301 1533 aliqui
2328 1449 2481 1509 mihi
2509 1452 2574 1508 in
2603 1447 2854 1506 dubium

666 1561 948 1612 revocent
979 1551 1163 1610 fidem
1198 1552 1440 1630 Corippi
1468 1570 1548 1608 ex
1573 1552 1909 1614 Alemanno
1941 1557 2069 1613 viro
2096 1556 2321 1612 Graeco
2352 1552 2608 1632 ideoque
2640 1569 2856 1629 parum

664 1672 860 1734 aequo
901 1672 1042 1732 erga
1072 1656 1317 1712 Latinos
1334 1698 1352 1729 ,
1398 1654 1504 1732 qui
1539 1654 1604 1709 in
1633 1655 2014 1732 praefatione
2055 1655 2146 1712 ad
2182 1657 2522 1714 Historiam
2566 1672 2856 1712 arcanam

664 1757 939 1832 Procopii
966 1757 1142 1814 illum
1168 1753 1324 1814 dixit
1342 1764 1471 1811 tam
1496 1754 1897 1832 improvidum
1919 1756 2248 1813 Iustiniani
2271 1756 2645 1813 adulatorem
2673 1774 2859 1834 quam

664 1853 857 1914 levem
869 1857 1156 1942 poe'tanq,
1199 1856 1397 1916 eidem
1429 1874 1729 1934 opponam
1755 1875 1878 1913 non
1904 1875 2216 1915 censuram
2241 1858 2308 1914 in
2331 1859 2736 1915 Alemannum
2757 1858 2861 1913 ni·-

668 1958 787 2016 mis
814 1977 1011 2017 acrem
1036 1958 1165 2018 Ioh.
1179 1957 1440 2018 Eichelii
1460 1960 1523 2015 in
1541 1957 1924 2034 praefatione
1946 1958 2026 2016 ad
2046 1953 2373 2021 Ἀνὲκδοτα
2399 1958 2673 2035 Procopii
2698 1954 2861 2015 edita

670 2060 1031 2120 Helmstadii
1058 2082 1116 2121 a.
1151 2060 1311 2126 1654
1335 2081 1398 2118 n.
1423 2059 1507 2124 40
1524 2102 1542 2133 ,
1587 2055 1696 2118 sed
1724 2060 1923 2138 potius
1950 2058 2276 2118 doctissimi
2302 2057 2617 2118 cardinalis
2641 2060 2862 2117 Norisii

669 2165 899 2221 nemini
929 2175 1266 2243 suspectam
1294 2164 1705 2223 auctoritatem
1722 2207 1740 2237 ,
1787 2163 1893 2242 qui
1917 2173 2053 2241 post
2080 2163 2217 2220 illos
2244 2163 2308 2219 in
2332 2163 2764 2220 Dissertatione
2787 2161 2862 2219 de

679 2257 919 2344 Sy'nodo
944 2267 983 2330 5
1022 2288 1075 2326 c.
1107 2270 1146 2330 8
1185 2262 1221 2346 ξ
1250 2271 1293 2331 2
1330 2265 1739 2343 irrefragabile
1779 2264 2019 2342 corippi
2043 2264 2459 2322 ‘testimonium
2488 2284 2611 2322 non
2638 2265 2863 2324 veritus

673 2376 766 2425 cst
787 2386 1021 2427 vocare.
1105 2366 1247 2427 hinc
1270 2389 1393 2428 non
1419 2366 1624 2426 dubito
1652 2366 1799 2445 quin
1827 2383 1938 2443 ego
1966 2362 2134 2423 haud
2157 2367 2444 2444 exiguam
2468 2369 2720 2425 initurus
2746 2369 2866 2426 sim

673 2470 928 2546 gratiam
946 2469 1107 2550 apud
1126 2472 1265 2531 illos
1291 2490 1498 2531 omnes
1522 2469 1630 2549 qui
1651 2464 1916 2526 historiis
1942 2465 2331 2526 delectantur.
2417 2472 2685 2550 quinimo
2715 2470 2866 2527 alter
2882 2536 2894 2547 .

677 2569 992 2633 cardinalis
1010 2619 1028 2649 ,
1068 2572 1466 2634 bibliothecae
1492 2570 1921 2631 Ambrosianae
1949 2570 2055 2628 ille
2085 2568 2398 2647 fundator,
2439 2581 2643 2631 noster
2670 2569 2867 2630 Bede-

677 2674 834 2734 ricus
888 2678 1283 2752 Borromeus‚
1345 2679 1516 2735 initio
1560 2672 1707 2731 libri
1741 2673 1992 2732 secundi
2033 2673 2109 2731 de
2145 2694 2346 2731 amore
2377 2677 2616 2732 virum}
2655 2695 2717 2753 p.
2760 2678 2865 2749 82,

677 2772 829 2832 haec
876 2776 1145 2854 reliquit:
1208 2779 1411 2854 itaque
1438 2793 1666 2851 semper
1696 2773 2167 2829 commendanda
2198 2775 2308 2828 erit
2336 2793 2536 2830 eorum
2567 2775 2869 2834 industria

681 2877 794 2955 qui
828 2878 1065 2954 seriptis
1098 2876 1314 2933 aliems
1326 2918 1352 2946 ‚
1382 2885 1710 2953 postquam
1751 2874 2019 2929 inter-iere
2027 2912 2054 2942 ,
2103 2892 2324 2930 novam
2353 2873 2642 2933 redonare
2677 2879 2868 2936 vitam

679 2975 958 3048 studuit,
1003 2976 1179 3056 quive
1220 2972 1440 3031 laboris
1476 2973 1720 3055 aliqnid
1758 2975 1827 3031 in
1867 2993 1933 3031 eo
1952 2983 2197 3051 ponunt
2230 2994 2306 3032 ne
2342 2986 2573 3055 tempus
2606 2978 2761 3038 edax
2795 3001 2869 3039 ea

680 3077 980 3137 absumat.
1084 3078 1320 3137 Africae
1370 3095 1610 3156 quoque
1660 3072 2025 3155 geographia
2063 3076 2207 3135 satis
2255 3080 2481 3138 auctior
2524 3079 2737 3141 evadet
2786 3102 2869 3142 ex

680 3190 882 3239 nostro
911 3186 1185 3260 poemate
1201 3223 1219 3254 ,
1264 3180 1498 3238 etiamsi
1525 3198 1607 3238 ex
1641 3187 1911 3258 corrupto
1936 3187 2138 3237 nostro
2167 3177 2368 3239 codice
2400 3193 2671 3263 corrupta
2694 3186 2869 3265 plura

687 3302 817 3344 csse
862 3285 1108 3344 nomina
1147 3284 1388 3361 propria
1425 3301 1550 3341 non
1589 3280 1968 3340 infitiandum
2008 3282 2108 3341 sit.
2196 3293 2510 3363 propterea
2558 3289 2626 3345 in
2668 3285 2870 3347 indice

686 3387 890 3444 omnia
935 3384 1013 3444 ad
1056 3382 1484 3465 geographiam
1519 3385 1846 3464 spectantia
1887 3394 2157 3444 accurate
2200 3388 2400 3447 retuli.
2482 3408 2680 3448 mores
2717 3391 2871 3447 item

684 3489 952 3569 ritusque
983 3487 1294 3548 Africanos
1323 3487 1486 3550 illius
1517 3490 1652 3546 aevi
1680 3485 1823 3546 hinc
1851 3483 2133 3548 discimus
2156 3491 2472 3569 praecipue
2504 3488 2665 3568 apud
2691 3492 2873 3550 Mau-

683 3609 782 3649 ros
814 3588 1012 3650 adhuc
1034 3588 1400 3650 idololatras.
1484 3592 1711 3649 Punica
1741 3609 1980 3671 quoque
2004 3593 2249 3650 nomina
2269 3594 2514 3651 illorum
2533 3594 2870 3668 numinum,

680 3701 755 3749 ut
798 3692 1016 3752 θυι-κέλ
1035 3716 1142 3775 pro
1169 3699 1310 3755 Iove
1334 3695 1631 3752 Ammone
1660 3702 1721 3751 ct
1747 3694 2087 3752 Mas-&man
2113 3714 2221 3773 pro
2250 3694 2391 3753 Iove
2433 3696 2721 3752 Taenario
2734 3737 2764 3765 ,
2804 3693 2874 3752 id

682 3803 778 3851 est
816 3795 1069 3855 Plutone
1086 3841 1104 3873 ‚
1157 3795 1259 3856 hic
1295 3798 1656 3857 invenimus.
1741 3797 1974 3855 utinam
2013 3796 2325 3855 meliorem
2368 3804 2577 3854 nactus
2620 3796 2873 3853 fuissem

682 3893 986 3958 codicem!
1074 3897 1186 3959 sed
1208 3899 1274 3958 id
1300 3900 1353 3960 si
1377 3897 1584 3959 datum
1611 3896 1767 3957 mihi
1789 3918 1914 3957 non
1937 3898 2052 3956 fuit
2067 3942 2085 3973 ,
2127 3917 2251 3956 non
2276 3907 2402 3956 erat
2428 3917 2533 3956 cur
2553 3918 2676 3956 non
2701 3917 2873 3956 com-

684 4001 1053 4060 municarem
1102 4003 1234 4064 aliis
1278 4022 1463 4086 quem
1501 4003 1739 4081 inveni,
1784 3997 1987 4083 quoad
2013 4000 2165 4059 alter
2192 4009 2252 4059 et
2270 4001 2557 4079 integrior
2586 4009 2646 4060 et
2670 4020 2872 4060 corre-

681 4103 833 4161 ctior
866 4101 1199 4183 detegatur·

848 4207 1127 4280 Quinimo
1165 4229 1341 4292 spero
1387 4209 1516 4269 fore
1559 4216 1630 4266 ut
1673 4205 1963 4266 Iohannis
1999 4204 2181 4263 etiam
2221 4203 2388 4264 velut
2417 4210 2636 4284 poema
2663 4205 2878 4266 libenti

685 4308 884 4372 animo
925 4313 1277 4393 excipiatur.
1363 4321 1566 4371 auctor
1604 4309 1771 4369 enim
1811 4326 1850 4366 a
1887 4308 2181 4389 Bogginio
2221 4308 2286 4368 in
2322 4308 2549 4390 pluries
2570 4312 2747 4371 citata
2768 4327 2877 4368 sua
