3210 5200
632 341 773 411 150
1559 340 1898 407 CORIPPI

796 516 856 564 et
883 507 1115 580 veniet,
1160 503 1393 565 confido
1412 549 1428 580 ,
1474 507 1691 581 citum3
1737 516 2064 585 gentesque
2091 505 2388 581 malignas

796 608 1130 684 confringet
1158 610 1376 665 virtute
1408 605 1589 682 deus,
1632 618 1981 687 nostrosque
2014 607 2268 664 labores.

793 712 1097 789 respiciet,
1140 712 1477 790 nostrisque
1509 710 1674 769 dabit
1699 730 1855 769 nova
1886 707 2105 787 gaudia
2140 708 2337 767 rebus.

626 812 751 874 220
794 821 885 869 ast
912 812 1013 868 ubi
1042 813 1319 890 perfectis
1353 813 1631 870 caelestia
1661 830 1908 870 munera
1941 812 2124 870 sacris

798 912 1076 971 obtulerit
1104 912 1347 972 domino
1372 913 1751 972 venerandus
1777 916 1884 972 rite
1912 909 2210 984 sacerdos,

794 1025 1051 1095 votaque
1078 1017 1382 1075 Romanus
1416 1019 1764 1095 persolverit
1795 1014 2003 1075 ordine
2035 1013 2234 1085 miles,

797 1137 1092 1196 ponemus
1125 1137 1384 1177 mensas.
1469 1138 1591 1177 neu
1620 1120 1797 1196 longe
1824 1120 2048 1196 pascite
2077 1114 2305 1193 campis

798 1218 1248 1300 quadrupedes,
1291 1221 1484 1299 epulis
1511 1224 1796 1302 quoniam
1825 1218 1901 1278 de
1928 1237 2094 1276 more
2119 1215 2372 1293 receptis

629 1322 753 1388 225
798 1333 988 1381 castra
1015 1343 1255 1382 movere
1279 1323 1506 1403 placet,
1550 1343 1676 1380 non
1697 1326 1888 1381 tristia
1911 1324 2147 1379 mittere
2168 1317 2351 1392 bella,
2419 1320 2426 1325 “

798 1422 907 1484 sed
942 1436 1176 1483 tantum
1209 1446 1525 1506 properare
1562 1426 1709 1483 locis
1740 1434 1808 1480 ut
1837 1424 1971 1481 luce
2007 1422 2302 1501 sequenti,

800 1548 950 1586 mox
975 1531 1168 1606 primo
1195 1527 1491 1586 mundum
1518 1544 1883 1603 consurgens
1905 1526 2176 1602 margine
2202 1520 2481 1580 Phoebus

798 1632 1218 1687 flammivomis
1249 1633 1552 1707 continget
1582 1630 1754 1707 equis
1773 1671 1789 1701 ,
1834 1630 2204 1685 committere
2227 1644 2495 1704 pugnam

800 1734 1013 1788 vicinis
1042 1733 1219 1788 liceat
1246 1732 1500 1789 ferventi
1533 1729 1717 1789 caede
1741 1731 1998 1811 Latinis.

630 1831 757 1894 230
797 1852 911 1889 nec
935 1833 1188 1909 longum
1211 1834 1517 1914 quassabit
1541 1837 1688 1907 iter,
1738 1834 2097 1909 sonipesque
2121 1826 2424 1909 pedesque

802 1933 972 1992 fortis
1004 1937 1147 2009 erit,
1192 1945 1517 2015 gentesque
1545 1937 1705 1993 feras
1731 1936 1948 1992 virtute
1978 1924 2282 1990 necabit.”

803 2048 1121 2113 assurgunt
1152 2038 1409 2096 clamore
1442 2040 1588 2113 viri,
1633 2034 2042 2116 plauduntque
2072 2034 2395 2112 faventque

803 2139 1225 2219 exsultantque
1257 2142 1495 2198 animis.
1583 2138 1832 2197 redeunt
1860 2141 1921 2195 in
1953 2148 2143 2203 castra
2174 2133 2466 2193 cohortes.

886 2243 1011 2297 Nec
1037 2244 1236 2299 minus
1262 2251 1322 2299 et
1347 2245 1647 2300 Nasamon
1675 2239 1906 2298 diversa
1934 2243 2000 2296 in
2023 2250 2188 2319 parte
2221 2238 2480 2313 rebellis,

635 2337 759 2402 235
805 2344 1123 2400 consilium
1148 2343 1382 2401 infandi
1404 2345 1631 2403 faciens
1660 2364 1766 2422 pro
1790 2354 2056 2421 tempore
2082 2341 2251 2414 belli,

802 2444 986 2523 impia
1018 2457 1302 2524 cognatae
1333 2457 1707 2505 contraxerat
1737 2448 1977 2524 agmina
1999 2445 2226 2518 turbae,

805 2556 985 2628 atque
1015 2550 1163 2609 alias
1188 2551 1445 2630 Libyam
1468 2551 1648 2612 bellis
1676 2568 1825 2630 quas
1855 2546 2125 2607 scindere
2152 2555 2362 2625 gentes

802 2656 1166 2732 compulerat
1200 2653 1517 2733 praedonis
1546 2673 1714 2711 amor
1741 2654 2035 2730 sortisque
2060 2647 2357 2707 nefandae

803 2766 1073 2814 extremo
1103 2759 1228 2813 iam
1253 2757 1442 2814 Marte
1470 2755 1621 2813 dies.
1708 2754 2039 2812 Guenfeius
2064 2772 2203 2825 una,

634 2847 759 2915 240
795 2872 1004 2932 aspera
1039 2858 1198 2912 bella
1236 2859 1431 2930 ciens,
1476 2859 1676 2913 animo
1717 2855 1988 2911 consulta
2018 2855 2288 2927 revolvit,

801 2957 1120 3034 impatiens
1156 2955 1393 3014 differre
1425 2956 1549 3014 diu.
1637 2967 1841 3013 tamen
1870 2953 2076 3013 ordine
2106 2958 2335 3033 primus

807 3059 1098 3117 Carcasan
1127 3061 1213 3115 sic
1247 3078 1415 3117 orsus
1450 3060 1553 3116 ait.
1633 3050 1873 3115 “vicina
1906 3053 2189 3115 Iohannis

807 3170 997 3217 castra
1030 3171 1345 3239 premunt,
1390 3170 1450 3218 et
1479 3181 1658 3220 saeva
1689 3162 1881 3219 sames
1913 3163 2038 3218 iam
2067 3160 2406 3239 comprimit
2432 3180 2662 3220 omnes.

806 3262 1082 3337 gentibus
1110 3283 1229 3321 una
1256 3264 1451 3339 salus,
1498 3264 1755 3322 celerem
1782 3265 2149 3322 committere
2175 3282 2460 3340 pugnam,

639 3355 761 3424 245
806 3360 952 3421 dum
984 3363 1211 3423 solidae
1246 3367 1403 3423 vires
1430 3367 1838 3425 membrorum
1866 3366 2073 3424 robore
2112 3377 2401 3424 constant.

808 3484 953 3522 nam
982 3466 1283 3546 pecudum
1312 3488 1449 3546 spes
1478 3472 1608 3528 sola
1637 3470 1829 3548 epulis
1861 3478 1920 3525 et
1942 3466 2288 3546 lymphiger
2313 3470 2505 3526 amnis

806 3579 1099 3627 sustentat
1124 3591 1403 3648 suprema
1425 3573 1607 3630 viros.
1692 3573 1815 3628 iam
1843 3572 2017 3628 farris
2044 3569 2117 3625 ab
2147 3573 2313 3628 omui

808 3665 1026 3730 defecit
1054 3677 1390 3731 Nasamone
1418 3692 1632 3750 genus.
1716 3691 2051 3730 memorare
2076 3675 2349 3750 Lyaeum

810 3792 930 3831 non
962 3795 1112 3853 opus
1147 3787 1266 3834 est:
1312 3778 1479 3833 iuvat
1503 3774 1667 3833 unda
1698 3777 1908 3832 fluens·
1994 3777 2048 3832 si
2074 3777 2367 3832 vincimus
2399 3773 2618 3849 hostes,

640 3871 765 3937 250
807 3878 1009 3933 omnia
1037 3878 1279 3935 Maurus
1310 3875 1522 3953 habet,
1568 3887 1862 3956 prostrato
1888 3877 2078 3935 milite
2104 3887 2292 3934 castra

813 3974 1099 4057 diripiens
1130 3990 1218 4036 tot
1245 3980 1423 4058 plena
1450 3979 1645 4037 bonis.
1731 3981 1982 4037 immota
2010 3979 2337 4036 manebunt

812 4100 1018 4138 securo
1043 4101 1325 4159 responsa
1353 4079 1537 4156 mihi,
1582 4099 1736 4160 quae
1765 4083 2036 4159 corniger
2059 4084 2324 4139 Ammon

645 4229 748 4283 223
786 4230 918 4298 neu]
946 4241 1047 4282 nae
1067 4231 1211 4299 apud
1235 4230 1295 4280 M
1428 4231 1528 4286 227
1563 4233 1710 4300 mox]
1740 4233 1894 4284 cum?
2031 4231 2134 4285 229
2166 4229 2342 4283 laturis
2366 4232 2481 4284 MT
2609 4214 2711 4288 '235
2746 4252 2815 4286 ne

644 4300 829 4367 phandi
854 4300 905 4350 '1’
1107 4301 1209 4354 239
1243 4305 1473 4353 extrema
1493 4301 1592 4353 iam
1615 4315 1779 4354 morte
1799 4301 1913 4353 MT
2113 4301 2214 4357 247
2250 4301 2371 4356 uitis
2393 4303 2471 4356 M.
