3210 5200
967 369 1081 436 DE
1130 369 1543 444 LAUDIBUS
1589 371 1924 446 IUSTINI.
2374 373 2531 450 421.

351 532 523 594 ovid.
553 534 798 594 Metam.
831 535 871 595 6
908 531 1029 592 fab.
1066 536 1098 594 1
1142 531 1216 592 de
1242 531 1517 594 Arachne
1559 537 1848 596 textrice:
1909 540 2166 597 stamina
2210 538 2526 600 barbarica

350 619 654 696 suspendit
681 616 942 676 candida
972 617 1109 676 tela.
1171 621 1294 680 scio
1328 618 1487 698 apud
1516 623 1760 680 Festum
1790 616 1896 680 lib.
1923 625 1964 684 2
1991 625 2209 702 opponi
2240 617 2546 694 barbam,

349 702 492 762 solis
522 703 797 770 Graecis,
856 701 1018 781 quod
1063 700 1216 761 dixit
1258 707 1439 762 etiam
1461 704 1817 766 Plutarchus
1860 709 1923 764 in
1954 707 2288 767 Coriolano.
2368 711 2520 767 Dio-

347 784 554 846 medes
583 788 1017 846 Grammaticus
1053 785 1212 865 apud
1240 788 1566 867 Gyraldum
1593 789 1735 849 dial.
1768 789 1829 852 4.
1874 812 2050 870 supra
2074 795 2139 850 in
2165 794 2413 871 praefat.
2441 793 2523 858 40

350 870 610 930 barbara
636 892 850 950 regna,
908 881 968 929 et
1005 871 1111 929 lib.
1161 876 1194 936 1
1236 877 1318 937 62
1368 872 1631 933 barbara
1672 873 1858 947 bella,
1914 888 1974 936 et
2007 880 2135 944 279
2180 876 2523 937 barbaricas

336 956 699 1034 phalangae.
774 957 1056 1016 Daui-st.
2236 1013 2245 1019 .

517 1039 662 1104 124.
701 1059 845 1098 nam
862 1050 1069 1119 quarto
1087 1040 1394 1099 consulatu
1406 1042 1740 1117 Iustiniani,
1768 1043 1872 1122 qui
1892 1045 2005 1104 fuit
2035 1063 2223 1102 annus
2249 1039 2516 1102 eiusdem

347 1124 586 1202 imperii
619 1135 678 1183 et
700 1127 1062 1204 principatus
1085 1126 1394 1202 septimus,
1437 1128 1654 1186 natalis
1684 1138 1885 1185 autem
1914 1127 2139 1186 domiui
2167 1129 2354 1187 nostri
2380 1131 2516 1185 Iesu

350 1206 569 1271 Christi
594 1207 738 1284 584,
782 1207 1072 1288 Carthago
1108 1207 1182 1266 de
1212 1208 1496 1270 Vandalis
1525 1222 1766 1289 recepta,
1792 1223 1852 1270 et
1873 1214 2074 1272 Africa
2100 1216 2368 1272 Romano
2394 1214 2513 1269 im-

344 1295 512 1372 perio
561 1291 797 1351 redacta
852 1305 941 1351 est
988 1313 1097 1371 per
1136 1294 1522 1370 Belisarium‚
1587 1298 1693 1376 qni
1734 1297 2081 1356 Gilimerem
2101 1291 2514 1356 'vandalorum

262 1431 265 1432 γ
345 1396 550 1456 regem
580 1379 881 1456 captivum
908 1378 1144 1458 Cpolim
1164 1378 1227 1435 in
1252 1377 1621 1458 triumphum
1645 1377 1917 1441 adduxit.
2001 1392 2267 1441 auctores
2291 1379 2513 1440 lohan-

341 1482 452 1528 nes
474 1465 757 1539 Zonaras,
787 1464 1001 1521 Comes
1025 1460 1403 1522 Marcellinus
1430 1474 1488 1522 et
1516 1465 1641 1522 alii.
1682 1467 1867 1525 Ruiz.

512 1545 593 1605 ib.
684 1548 1007 1608 Belisarius
1031 1556 1240 1627 quarto
1264 1549 1574 1606 iustiniani
1600 1551 1926 1624 consulatu,
1975 1551 2075 1630 qui
2103 1552 2165 1609 in
2194 1551 2514 1629 septimum

347 1650 571 1690 annum
598 1632 833 1710 imperii
863 1634 1048 1710 ipsius
1072 1629 1300 1707 incidit,
1332 1633 1617 1691 Gilimere
1643 1643 1845 1711 strato,
1874 1645 2107 1714 recepta
2134 1633 2510 1712 Carthagine,

347 1717 610 1774 Africam
639 1715 918 1777 Vandalis
957 1715 1298 1794 ademptam
1337 1720 1590 1776 restituit
1627 1720 1929 1777 Romanae
1971 1718 2211 1777 dicioni.
2293 1722 2509 1777 Zonar.

346 1810 392 1859 t.
424 1805 464 1864 3
505 1801 719 1858 Annal.
764 1798 1117 1879 Chronolog.
1169 1800 1273 1857 alii
1317 1802 1518 1876 aliter,
1581 1813 1672 1861 sat
1716 1805 1860 1861 scio.
1901 1805 2182 1862 Btmrsr.
2264 1801 2512 1882 pulchre

347 1886 654 1943 consulem
678 1904 784 1963 pro
812 1885 1120 1944 consulatu
1141 1887 1450 1944 Iustiniani
1481 1883 1657 1943 dixit.
1742 1897 2021 1966 quartum
2046 1896 2245 1944 autem
2273 1881 2514 1945 consule

344 1971 670 2028 Iustiniano
697 1970 1021 2030 Belisarius
1048 1971 1345 2045 Africam,
1406 1968 1651 2029 devictis
1680 1969 1994 2045 Vandalis,
2045 1973 2300 2049 recepit,
2343 1982 2513 2048 post-

343 2073 526 2136 quam
550 2057 829 2113 immanis
856 2055 959 2112 illa
983 2073 1128 2132 gens
1159 2064 1314 2113 totos
1341 2057 1421 2117 97
1449 2074 1636 2113 annos
1670 2073 1805 2112 eam
1832 2065 2121 2114 tenuerat.
2172 2052 2509 2133 triumphus
2579 2075 2586 2084 ·

340 2150 506 2198 actus
532 2140 957 2222 nobilissimus,
1002 2139 1298 2196 Gelimere
1326 2156 1466 2216 rege
1496 2139 1732 2217 cpolim
1758 2137 1953 2199 ducto.
2037 2137 2176 2199 vide
2211 2142 2507 2200 Victorem

338 2225 831 2296 Tunnunensem,
875 2221 1227 2296 cedrenum,
1270 2222 1439 2281 alios.
1527 2225 1775 2284 Bam-n.

513 2307 655 2370 125.
739 2307 941 2386 terret]
976 2310 1253 2384 -pessime
1292 2307 1401 2365 sic.
1485 2309 1714 2367 restitui
1760 2318 1986 2381 tereret,
2046 2317 2247 2386 aperto
2291 2322 2503 2366 sensu:

337 2410 484 2450 nam
507 2388 940 2468 triumphantes
962 2410 1135 2449 curru
1160 2389 1517 2468 Capitolium
1544 2388 1959 2450 ascendebant.
2002 2393 2220 2460 Caesar
2249 2389 2327 2449 de
2355 2391 2503 2449 Gal-

337 2477 415 2535 lis
444 2472 815 2555 triumphans
857 2476 1125 2534 ascendit
1161 2473 1434 2554 (Sueton.
1477 2495 1529 2533 c.
1564 2476 1674 2555 37)
1726 2477 2086 2555 Capitolium
2125 2476 2213 2534 ad
2246 2476 2497 2534 lumina.

336 2563 566 2624 Lucan.
591 2562 666 2624 82
718 2553 825 2618 nec
861 2571 947 2619 ter
979 2553 1279 2638 Capitolia
1310 2579 1490 2618 curm
1513 2561 1798 2621 invectus.
1886 2560 2051 2620 idem
2084 2566 2158 2626 9:
2203 2580 2386 2641 quam
2418 2570 2507 2617 ter

346 2640 647 2724 Capitolia
685 2666 864 2704 curru
900 2646 1203 2704 scandere.
1309 2642 1517 2704 Sidon.
1556 2646 1822 2725 Apollin.
1867 2665 2047 2705 carm.
2088 2645 2162 2710 5:
2212 2657 2267 2702 et
2295 2666 2503 2724 regum

334 2732 628 2808 aspicient
659 2730 954 2808 Capitolia
962 2730 1157 2809 salva
1183 2740 1446 2788 catenas.
1504 2731 1786 2808 Apollon.
1815 2731 2142 2789 Collatinus
2166 2728 2242 2787 de¹
2265 2728 2500 2793 excidio

334 2815 735 2895 Hierosolym.
764 2814 868 2871 lib.
897 2820 972 2878 2:
1043 2814 1337 2892 Capitolia
1372 2815 1619 2871 scandes
1658 2817 1869 2886 victor,
1922 2825 1980 2871 et
2006 2812 2357 2893 Augustum
2389 2834 2499 2871 no-

334 2920 472 2960 men
492 2900 800 2980 sedemque
824 2897 1060 2959 tenebis.
1108 2897 1416 2957 claudian.
1445 2896 1519 2956 de
1546 2898 1584 2961 6
1611 2901 1766 2957 Hon.
1795 2900 2018 2958 consul.
2048 2909 2106 2956 et
2131 2900 2272 2956 alibi
2299 2914 2497 2976 saepe:

330 2988 572 3063 iamque
581 2984 966 3063 parabantur
975 3004 1232 3062 pompae
1254 2982 1579 3041 simulacra
1583 2984 1868 3065 suturae,
1910 2985 2156 3062 Tarpeio
2175 2982 2501 3062 spectanda

332 3071 483 3135 Iovi.
573 3072 853 3139 Dsnrsr.

500 3158 642 3219 126.
709 3152 1007 3233 fabulam
1040 3169 1275 3209 mensae
1306 3152 1485 3211 fuisse
1524 3154 1609 3211 ait
1631 3153 1857 3212 Iustino
1885 3160 1945 3209 et
1974 3147 2235 3228 Sophiae
2262 3169 2355 3208 res
2386 3139 2521 3228 ge?

330 3250 455 3300 stas
481 3241 827 3314 iustiniani,
870 3234 1142 3297 alludens
1166 3255 1398 3294 morem
1418 3239 1773 3311 Romanum,
1819 3238 1922 3315 qui
1946 3238 2161 3313 scripta
2191 3244 2495 3292 auctorum

333 3334 395 3381 et
437 3321 711 3383 historias
756 3331 1176 3383 consueverant
1219 3340 1398 3398 super
1433 3340 1703 3380 mensam
1746 3319 1971 3379 audire.
2058 3319 2132 3378 da
2165 3320 2407 3377 Homeri
2436 3329 2496 3376 et

332 3408 568 3484 Virgilii
609 3411 903 3486 poematis
940 3416 1148 3465 notum
1192 3415 1281 3464 est
1310 3423 1389 3462 ex
1416 3406 1620 3463 Persio
1649 3414 1706 3462 et
1732 3404 2021 3462 Iuvenali.
2108 3401 2183 3460 de
2215 3402 2494 3461 Ciceron'e

333 3501 396 3549 et
425 3491 635 3550 Publio
681 3490 841 3570 apud
879 3491 1222 3548 Petronium
1260 3484 1564 3547 Arbitrum
1607 3487 1882 3565 exempla
1927 3497 2084 3545 sunt.
2172 3487 2288 3543 alia
2334 3485 2496 3564 apud

329 3578 645 3654 scriptores
671 3574 949 3634 historiae
976 3577 1310 3652 Augustae,
1365 3574 1547 3631 etiam
1573 3573 1772 3632 Caroli
1792 3572 2017 3649 Magni.
2058 3571 2305 3629 Basra.
2370 3568 2491 3648 sa-

333 3661 510 3740 bula]
555 3681 770 3733 set-mc,
813 3659 1226 3718 confabulatio.
1308 3660 1496 3716 Rrrr.

504 3749 644 3813 127.
727 3744 1047 3823 honorum]
1089 3741 1464 3809 honoratum.
1521 3742 1609 3801 sic
1642 3739 1786 3798 alibi
1808 3739 2096 3817 corippus
2123 3735 2281 3803 dixit
2303 3736 2490 3795 hono-

331 3850 466 3889 ram
489 3829 706 3903 lucem;
758 3840 817 3890 et
850 3829 889 3892 4
933 3829 1044 3892 86:
1101 3825 1399 3908 quidquid
1421 3826 1592 3899 latet,
1646 3835 1835 3884 exsmt
1856 3823 2171 3896 konomm5
2226 3833 2286 3881 et
2325 3825 2486 3887 332:

327 3917 489 3973 unio
519 3915 755 3974 honoro.
844 3916 1031 3972 Rrr‘r.

501 4003 641 4063 129.
724 4000 1004 4078 frequens
1024 3996 1130 4075 illa
1154 3995 1326 4054 bonis
1350 3994 1972 4075 scriptoribuslocutio
1988 4036 2006 4068 ,
2062 3992 2221 4051 viros
2243 3989 2490 4049 celebris

330 4084 524 4140 famae
553 4093 685 4161 post
719 4084 942 4141 obitum
965 4083 1164 4140 vivere
1192 4081 1261 4137 in'
1289 4081 1487 4140 oribus
1516 4082 1810 4154 virorum,
1865 4076 1982 4137 hoc
2010 4088 2104 4155 est
2120 4079 2185 4136 in
2212 4073 2483 4133 cordato-

330 4186 464 4225 rum
488 4165 801 4226 hominum
822 4166 1096 4225 laudibus
1126 4175 1410 4244 perpetuo
1438 4184 1540 4224 eos
1571 4164 2176 4224 commemorantium.
2219 4161 2482 4218 Ennius:

326 4271 496 4308 nemo
524 4271 617 4309 me
642 4252 906 4309 laer-hnic
928 4251 1183 4321 decoret,
1210 4250 1640 4329 nequefunera
1650 4248 2073 4327 flemmsaxit.
2127 4244 2265 4303 cur?
2307 4241 2485 4300 volito

325 4338 500 4394 νίνιιε
529 4355 643 4414 per
685 4356 790 4394 ora
821 4337 1032 4396 virum.
1125 4334 1370 4397 Ovidius
1404 4336 1640 4416 epilogo
1665 4334 2289 4395 Transmutationum:
2334 4346 2487 4407 qua-
