3210 5200
1025 401 1138 467 DE
1184 399 1600 467 LAUDIBUS
1647 397 1980 467 IUSTINI.
2439 400 2588 473 397

414 589 552 628 vero
582 568 737 626 liber
761 569 826 624 in
856 585 979 648 quo
1011 566 1260 645 expensi
1285 564 1484 624 diurni
1509 569 1854 646 accepfique
1884 568 2034 625 ratio
2060 564 2372 645 descripta,
2401 565 2591 646 ephe-

411 657 613 712 meris.
697 656 967 731 Propert.
996 657 1034 715 8
1079 656 1197 714 22:
1240 672 1334 707 mc
1362 654 1665 709 misenam.-
1709 652 1807 709 hio
1830 651 2053 731 aliquis
2076 654 2362 709 tutionem
2389 652 2593 710 scribit

407 741 587 797 avari
611 748 666 794 et
678 740 858 814 ponit
883 737 1069 794 dia-as
1095 737 1247 792 inter
1273 735 1694 812 ephemeridas.
1761 735 1933 795 Ovid.
1961 740 2164 795 Amor.
2199 739 2235 798 1
2288 741 2363 800 12
2379 755 2398 793 ε
2440 741 2592 795 inter

408 822 811 902 ephemeridas
848 821 1061 879 melius
1102 819 1457 900 tabulasque
1495 823 1779 891 iacuerat,
1821 823 1888 878 in
1915 820 2134 900 quibus
2163 821 2401 899 elapsas
2409 824 2592 899 fleret

396 929 632 968 ‚avarus
667 927 826 984 opes.
914 908 1195 965 Dmsr.

577 995 721 1056 386.
806 993 1071 1070 turmae]
1116 988 1277 1069 apud
1307 990 1644 1068 Fogginum
1670 1009 1958 1047 summae.

576 1079 720 1139 389.
807 1078 1023 1155 cauta]
1080 1075 1368 1133 Sarisber.
1413 1077 1690 1134 Policrat.
1734 1080 1773 1139 3
1823 1079 1936 1138 12:
1976 1094 2177 1132 rerum
2201 1077 2585 1152 privatarum

398 1161 923 1237 participationem
950 1171 1005 1216 et
1028 1160 1252 1217 calculi
1282 1161 1603 1218 cautcbnes.
1696 1169 1785 1218 est
1816 1169 2018 1218 autem
2051 1172 2297 1218 cautum
2332 1181 2582 1241 syngra-

405 1243 558 1322 pha,
603 1265 718 1325 qua
763 1243 994 1303 debitor
1030 1264 1094 1303 se
1139 1247 1454 1323 pecuniam
1488 1242 1773 1303 creditori
1815 1246 2141 1304 exsolvisse
2179 1245 2459 1306 ostendit.
2545 1268 2579 1306 a

405 1331 787 1388 Constantino
828 1333 986 1407 Aug.
1031 1340 1093 1387 et
1131 1328 1480 1388 Cassiodoro
1517 1333 1595 1392 12
1626 1349 1720 1407 ep.
1751 1331 1791 1391 8
1833 1328 2093 1407 apocha,
2140 1350 2173 1388 a
2211 1332 2580 1391 Diocletiano

401 1424 461 1471 et
486 1416 858 1476 Maximiano
887 1418 1086 1492 Augg.
1115 1416 1402 1493 pecuniae
1432 1415 1659 1472 solutae
1686 1414 1975 1492 professio
1992 1458 2008 1488 ,
2054 1412 2312 1495 denique
2338 1436 2373 1473 a
2398 1419 2577 1475 lusti-

399 1501 580 1556 niano
620 1501 907 1557 securitas
949 1510 1193 1558 vocatur
1229 1499 1335 1556 lib.
1366 1504 1440 1563 17
1474 1500 1541 1556 C.
1582 1501 1642 1555 si
1676 1509 1917 1556 certum*
1930 1510 2197 1576 petatur.
2285 1503 2576 1561 Lucillius

393 1589 610 1660 poeta:
685 1586 950 1664 Φαῖδρος
1008 1583 1264 1666 ἔγραψε,
1334 1579 1538 1663 λαβών
1593 1580 1901 1662 εἰκονικήν
1956 1576 2210 1664 ἆποχῆν.
2293 1587 2573 1647 Dsmsr.

400 1678 583 1724 cauta
625 1678 763 1726 sunt
808 1672 1139 1743 cautiones,
1204 1666 1545 1747 syngrapha
1587 1671 1803 1747 scripta
1845 1666 1920 1725 de
1964 1688 2035 1726 eo
2078 1668 2240 1749 quod
2279 1670 2568 1730 creditum

397 1762 544 1811 erat.
587 1765 831 1814 recauta
859 1752 1133 1812 dicebant
1154 1754 1291 1827 alii,
1339 1763 1401 1810 ut
1422 1755 1653 1811 notavit
1677 1750 1807 1811 Iob.
1831 1754 2125 1811 Meursius
2151 1757 2215 1811 in
2246 1756 2566 1816 Glossatio.

394 1855 518 1895 non
548 1856 785 1917 semper
809 1849 1010 1897 autem
1036 1840 1320 1897 Romanis
1346 1837 1610 1895 moribus
1637 1839 1789 1896 tales
1821 1839 2124 1895 cautiones
2154 1841 2563 1917 exigebantur,

395 1941 534 1980 cum
589 1924 873 2002 Polybius
927 1924 1144 1983 scribat
1183 1942 1292 1981 sua
1332 1933 1524 1980 aetate
1565 1925 1896 1980 iuramento
1942 1932 2270 1982 contractus
2317 1930 2564 2006 transigi

391 2011 798 2084 consuevisse,
844 2019 903 2066 et
943 2009 1084 2111 plus
1123 2011 1187 2065 in
1227 2027 1347 2065 una
1386 2008 1494 2065 tali
1533 2010 1851 2087 sponsione
1890 2004 2152 2066 hominis
2199 2011 2398 2067 Latini
2430 2032 2565 2070 mo-

387 2095 575 2150 menti
612 2094 827 2153 fuisse
840 2113 1023 2174 quam
1066 2095 1132 2151 in
1174 2093 1381 2150 multis
1426 2094 1788 2151 Graecorum
1825 2089 2228 2169 autographis.
2314 2096 2564 2157 Bam-n.

385 2188 570 2235 cauta
603 2190 774 2237 vocat
806 2176 1178 2258 syngraphas
1217 2196 1325 2235 seu
1368 2177 1759 2254 obligationes
1801 2195 1906 2234 seu
1949 2178 2368 2253 instrumenta,
2410 2200 2566 2261 quae

384 2264 660 2320 usitatius
688 2266 1009 2322 cautiones.
1098 2272 1341 2319 recauta
1371 2271 1508 2319 sunt
1539 2260 1835 2339 apochae,
1876 2261 2091 2340 quibus
2126 2265 2426 2322 cautiones
2459 2285 2566 2323 va-

387 2356 669 2420 cuantur,
712 2358 787 2405 ut
806 2348 869 2408 S.
884 2347 1203 2424 Augustini
1232 2346 1446 2403 faciam
1470 2365 1626 2404 mea.
1711 2345 1848 2404 vide
1881 2346 2232 2403 Cuiacium'
2213 2367 2278 2404 ιιι
2307 2353 2562 2427 exposit.

384 2437 537 2493 Nov.
573 2435 726 2505 180,
767 2432 874 2489 ubi
900 2442 961 2490 et
988 2429 1238 2490 Suidam
1270 2432 1512 2508 allegat.
1596 2442 1781 2488 cauta
1822 2439 1883 2488 et
1921 2432 2246 2502 cautiones,
2288 2442 2355 2489 ut
2389 2447 2562 2512 pacta

354 2530 446 2578 ,οι
491 2521 794 2597 pactiones
809 2561 827 2591 ,
872 2527 1159 2576 conventa
1199 2526 1260 2573 et
1301 2517 1718 2574 conventiones
1731 2561 1749 2590 ,
1791 2514 1975 2574 idem.
2063 2528 2347 2575 vocantur
2379 2533 2562 2578 cauta
2609 2516 2614 2522 ⁴

384 2607 569 2662 etiam
608 2606 972 2663 securitates.
1061 2603 1338 2680 exempla
1380 2602 1620 2679 collegit
1657 2604 1878 2662 Savaro
1913 2598 1992 2659 ad
2022 2599 2230 2661 Sidon.
2259 2603 2300 2669 5
2327 2624 2426 2684 ep.
2455 2607 2557 2671 13.

383 2689 461 2749 de
486 2699 759 2768 suscepta
775 2700 902 2747 yet.
929 2689 1143 2765 interp.
1170 2690 1318 2748 Nov.
1342 2690 1444 2751 72.
1529 2689 1715 2746 Rrrr.

551 2776 695 2838 895.
781 2772 1305 2848 chartas-flammis
1334 2769 1647 2849 subigunt.
1737 2768 1983 2851 pulchre
2012 2770 2269 2831 dictum:
2313 2793 2393 2832 ex
2417 2795 2551 2834 ma—

380 2860 517 2938 gnis
540 2860 703 2917 enim
728 2859 955 2918 acervis
980 2858 1152 2937 parvi
1183 2853 1510 2914 admodum
1532 2856 1703 2915 fiunt.
1788 2865 1849 2915 et
1880 2857 1963 2914 ita
1987 2853 2056 2921 τὸ
2082 2858 2357 2937 subigere
2378 2863 2548 2922 mille

350 2946 524 3004 locis
552 2955 839 3025 usurpant
864 2946 1196 3021 scriptores.
1281 2944 1532 3002 ΒΑΜ-ιι.

542 3033 689 3094 896.
773 3029 1037 3106 lancem]
1084 3026 1161 3085 ad
1202 3030 1514 3108 antiquum
1544 3028 1729 3085 ritum
1765 3027 2033 3107 respicit:
2075 3046 2218 3086 nam
2256 3029 2402 3087 olim
2425 3050 2547 3089 non

371 3116 793 3174 numerabatur
821 3112 931 3174 sed
956 3111 1326 3192 pendebatur
1350 3116 1624 3192 pecunia.
1711 3111 2547 3191 Fest.14=pmderepoenas

371 3202 593 3259 solvere
627 3200 947 3278 significat.
1037 3217 1101 3255 eo
1144 3198 1308 3275 quod
1335 3217 1470 3255 aere
1490 3199 1676 3276 gravi
1701 3208 2002 3254 uterentur
2027 3196 2321 3268 Romani,
2354 3219 2545 3275 penso

346 3304 468 3354 -,eo
507 3306 627 3343 non
654 3295 958 3342 numerato
985 3281 1248 3340 debitum
1282 3281 1604 3339 solvebant.
1696 3282 1852 3339 Plin.
1890 3285 1969 3345 33
2018 3284 2082 3343 1:
2131 3303 2250 3340 non
2281 3284 2544 3361 amplius

374 3389 559 3446 quam
609 3369 775 3426 mille
819 3368 1016 3446 pondo
1059 3370 1216 3424 auri.
1305 3367 1467 3423 Plut.
1507 3367 1573 3422 in
1618 3364 1872 3423 camillo
1916 3366 2073 3424 Flor.
2118 3371 2149 3427 1
2201 3370 2310 3429 13.
2376 3370 2543 3427 mille

361 3453 569 3529 pondo
594 3456 734 3509 auri
761 3473 1052 3510 recessum
1076 3471 1255 3509 suum
1282 3450 1682 3518 venditantes,
1720 3448 1901 3526 idque
1925 3451 2122 3524 ipsum
2139 3470 2257 3525 per
2283 3452 2544 3510 insolen-

370 3538 549 3606 tiam,
589 3558 725 3595 cum
762 3538 850 3594 ad
879 3539 1091 3616 iniqua
1108 3535 1381 3614 pondera
1404 3534 1611 3593 addito
1641 3532 1845 3591 adhuc
1864 3531 2075 3610 gladio
2102 3533 2348 3610 superbe
2369 3539 2543 3595 victis

366 3623 774 3700 increparent..
847 3621 959 3680 Sil.
995 3622 1130 3680 Ital.
1162 3626 1233 3685 1:
1275 3621 1376 3678 Iu'c
1406 3620 1626 3701 galeae
1672 3617 1997 3686 Senonum,
2029 3620 2385 3697 pensatique
2422 3622 2560 3679 im-

354 3705 587 3784 probus
621 3708 777 3764 auri
796 3705 1017 3764 arbiter
1054 3707 1209 3764 ensis
1248 3707 1418 3763 inest.
1512 3715 1571 3764 et
1614 3701 1685 3766 4.
1668 3719 1685 3735 ·
1729 3712 2052 3779 pensantes
2088 3722 2306 3759 amum
2342 3704 2539 3764 Galeas

365 3791 618 3849 umbone
634 3789 902 3870 serebat.
991 3788 1072 3849 ad
1100 3792 1335 3849 lancem
1359 3810 1501 3869 ergo
1534 3800 1593 3849 et
1619 3798 1901 3847 stateram
1935 3787 2326 3864 exigebantur
2346 3810 2537 3888 pecu-

339 3877 499 3933 niae
530 3875 782 3936 debitae.
866 3877 1058 3934 multa
1086 3872 1164 3933 ad
1193 3874 1350 3933 illud
1378 3876 1485 3933 lib.
1520 3881 1551 3937 1
1586 3876 1651 3931 in
1679 3875 1923 3951 Eutrop.
1950 3870 2289 3932 Claudiani.
2330 3876 2398 3933 in
2421 3895 2538 3954 ge-

344 3960 1336 4057 maenasnutatpmvincialances.
1391 3960 1678 4019 Priscian.
1704 3961 1765 4022 6·
1819 3961 2026 4032 Horat.
2054 3977 2150 4037 ep.
2131 3960 2214 4020 .2
2254 3963 2330 4023 2:
2375 3959 2547 4037 quod

363 4046 500 4119 quis
527 4042 685 4100 libra
712 4058 1005 4105 mer-caim
1033 4057 1091 4103 et
1114 4064 1249 4102 aere
1271 4055 1373 4102 est.
1451 4044 1757 4125 Sulpicia'
1738 4063 1805 4100 ιιι
1827 4042 2069 4122 Satyra.
2113 4044 2329 4101 tec-tina
2360 4043 2538 4102 Gaui

341 4127 571 4204 stag-ere
601 4127 830 4186 relicta.
920 4128 1135 4189 eadem
1173 4130 1393 4188 locutio
1430 4128 1592 4209 apud
1631 4127 1976 4185 Iuvenalem
2011 4130 2086 4191 6:
2141 4127 2316 4185 lance
2358 4127 2533 4185 beata

358 4211 632 4268 Dacicus
674 4223 733 4268 et
771 4215 987 4291 scripto
1030 4215 1232 4273 radiat
1284 4214 1678 4272 Germanicus
1717 4232 1887 4270 auro.
1978 4214 2084 4293 qui
2126 4213 2312 4291 plura
2345 4211 2529 4289 cupis,

357 4293 496 4353 vide
540 4297 909 4356 Hotmanum
942 4297 1017 4355 de
1051 4298 1314 4378 pondere
1346 4302 1735 4379 pecuniarum
1770 4294 2159 4417 disserentem
2186 4296 2530 4377 Antiquita-

350 4390 486 4439 tum
520 4382 693 4441 Rom.
729 4382 791 4446 4.
872 4383 1154 4445 Dum-r.
