<?xml version="1.0" encoding="UTF-8"?>
<!DOCTYPE html PUBLIC "-//W3C//DTD XHTML 1.0 Transitional//EN"
    "http://www.w3.org/TR/xhtml1/DTD/xhtml1-transitional.dtd">
<html xmlns="http://www.w3.org/1999/xhtml" xml:lang="en" lang="en">
 <head>
  <title>
</title>
<meta http-equiv="Content-Type" content="text/html;charset=utf-8" />
  <meta name='ocr-system' content='tesseract 3.04.00' />
  <meta name='ocr-capabilities' content='ocr_page ocr_carea ocr_par ocr_line ocrx_word'/>
</head>
<body>
  <div class='ocr_page' id='page_1' title='image "./carminumpanegyr00niebgoog_0191.png"; bbox 0 0 3210 5200; ppageno 0'>
   <div class='ocr_carea' id='block_1_1' title="bbox 1009 390 2682 493">
    <p class='ocr_par' dir='ltr' id='par_1_1' title="bbox 1009 390 2682 493">
     <span class='ocr_line' id='line_1_1' title="bbox 1009 390 2682 493; baseline 0.007 -30"><span class='ocrx_word' id='word_1_1' title='bbox 1009 390 1540 481; x_wconf 61' lang='lat' dir='ltr'><strong>loniNmnos</strong></span> <span class='ocrx_word' id='word_1_2' title='bbox 1580 404 1749 471; x_wconf 68' lang='lat' dir='ltr'><strong>Lm.</strong></span> <span class='ocrx_word' id='word_1_3' title='bbox 1795 407 1885 473; x_wconf 89' lang='lat' dir='ltr'><strong>v.</strong></span> <span class='ocrx_word' id='word_1_4' title='bbox 2391 420 2567 493; x_wconf 69' lang='lat'><strong>:113</strong></span> <span class='ocrx_word' id='word_1_5' title='bbox 2678 419 2682 423; x_wconf 85' lang='lat'><strong>·</strong></span> 
     </span>
    </p>
   </div>
   <div class='ocr_carea' id='block_1_2' title="bbox 371 561 2330 4012">
    <p class='ocr_par' dir='ltr' id='par_1_2' title="bbox 544 561 2197 841">
     <span class='ocr_line' id='line_1_2' title="bbox 544 561 2197 654; baseline 0.008 -35"><span class='ocrx_word' id='word_1_6' title='bbox 544 561 667 620; x_wconf 79' lang='lat' dir='ltr'><strong>iam</strong></span> <span class='ocrx_word' id='word_1_7' title='bbox 692 581 1010 642; x_wconf 86' lang='lat' dir='ltr'><strong>properare</strong></span> <span class='ocrx_word' id='word_1_8' title='bbox 1040 564 1279 625; x_wconf 76' lang='lat' dir='ltr'><strong>volent:</strong></span> <span class='ocrx_word' id='word_1_9' title='bbox 1325 562 1671 646; x_wconf 74' lang='lat' dir='ltr'><strong>disperdent</strong></span> <span class='ocrx_word' id='word_1_10' title='bbox 1695 578 1904 629; x_wconf 86' lang='lat' dir='ltr'><strong>cuncta</strong></span> <span class='ocrx_word' id='word_1_11' title='bbox 1937 573 2197 654; x_wconf 66' lang='lat' dir='ltr'><strong>rapinis,</strong></span> 
     </span>
     <span class='ocr_line' id='line_1_3' title="bbox 544 665 2113 750; baseline 0.008 -29"><span class='ocrx_word' id='word_1_12' title='bbox 544 671 723 745; x_wconf 81' lang='lat' dir='ltr'><strong>atque</strong></span> <span class='ocrx_word' id='word_1_13' title='bbox 750 666 969 722; x_wconf 87' lang='lat' dir='ltr'><strong>iterum</strong></span> <span class='ocrx_word' id='word_1_14' title='bbox 1001 665 1227 725; x_wconf 84' lang='lat' dir='ltr'><strong>fessam</strong></span> <span class='ocrx_word' id='word_1_15' title='bbox 1258 668 1583 735; x_wconf 77' lang='lat' dir='ltr'><strong>turbabunt</strong></span> <span class='ocrx_word' id='word_1_16' title='bbox 1609 666 1836 750; x_wconf 87' lang='lat' dir='ltr'><strong>proelia</strong></span> <span class='ocrx_word' id='word_1_17' title='bbox 1863 681 2113 745; x_wconf 73' lang='lat' dir='ltr'><strong>terram.</strong></span> 
     </span>
     <span class='ocr_line' id='line_1_4' title="bbox 548 765 2117 841; baseline 0.01 -20"><span class='ocrx_word' id='word_1_18' title='bbox 548 765 835 824; x_wconf 86' lang='lat' dir='ltr'><strong>consulite</strong></span> <span class='ocrx_word' id='word_1_19' title='bbox 851 809 869 841; x_wconf 90' lang='lat'>,</span> <span class='ocrx_word' id='word_1_20' title='bbox 930 776 991 841; x_wconf 75' lang='lat' dir='ltr'><strong>et</strong></span> <span class='ocrx_word' id='word_1_21' title='bbox 1020 765 1231 828; x_wconf 81' lang='lat' dir='ltr'><strong>dubios</strong></span> <span class='ocrx_word' id='word_1_22' title='bbox 1257 770 1490 833; x_wconf 82' lang='lat' dir='ltr'><strong>animos</strong></span> <span class='ocrx_word' id='word_1_23' title='bbox 1516 771 1746 829; x_wconf 84' lang='lat' dir='ltr'><strong>firmate</strong></span> <span class='ocrx_word' id='word_1_24' title='bbox 1777 771 2117 837; x_wconf 82' lang='lat' dir='ltr'><strong>docentes.”</strong></span> 
     </span>
    </p>

    <p class='ocr_par' dir='ltr' id='par_1_3' title="bbox 376 857 2330 1359">
     <span class='ocr_line' id='line_1_5' title="bbox 376 857 2155 950; baseline 0.004 -18"><span class='ocrx_word' id='word_1_25' title='bbox 376 866 503 932; x_wconf 80' lang='lat'><strong>255</strong></span> <span class='ocrx_word' id='word_1_26' title='bbox 624 869 745 927; x_wconf 78' lang='lat' dir='ltr'><strong>vix</strong></span> <span class='ocrx_word' id='word_1_27' title='bbox 780 885 850 924; x_wconf 87' lang='lat' dir='ltr'><strong>ea</strong></span> <span class='ocrx_word' id='word_1_28' title='bbox 882 865 1089 931; x_wconf 84' lang='lat' dir='ltr'><strong>ductor</strong></span> <span class='ocrx_word' id='word_1_29' title='bbox 1115 870 1229 928; x_wconf 84' lang='lat' dir='ltr'><strong>ait:</strong></span> <span class='ocrx_word' id='word_1_30' title='bbox 1271 871 1509 948; x_wconf 84' lang='lat' dir='ltr'><strong>populis</strong></span> <span class='ocrx_word' id='word_1_31' title='bbox 1537 857 1736 950; x_wconf 76' lang='lat' dir='ltr'><strong>placet</strong></span> <span class='ocrx_word' id='word_1_32' title='bbox 1762 876 2040 935; x_wconf 80' lang='lat' dir='ltr'><strong>omnibus</strong></span> <span class='ocrx_word' id='word_1_33' title='bbox 2065 881 2155 939; x_wconf 86' lang='lat' dir='ltr'><strong>ire</strong></span> 
     </span>
     <span class='ocr_line' id='line_1_6' title="bbox 544 969 2009 1050; baseline 0.008 -25"><span class='ocrx_word' id='word_1_34' title='bbox 544 969 782 1047; x_wconf 83' lang='lat' dir='ltr'><strong>longius</strong></span> <span class='ocrx_word' id='word_1_35' title='bbox 799 1013 817 1044; x_wconf 92' lang='lat'>,</span> <span class='ocrx_word' id='word_1_36' title='bbox 865 980 1045 1050; x_wconf 86' lang='lat' dir='ltr'><strong>atque</strong></span> <span class='ocrx_word' id='word_1_37' title='bbox 1069 973 1232 1049; x_wconf 80' lang='lat' dir='ltr'><strong>ipsos</strong></span> <span class='ocrx_word' id='word_1_38' title='bbox 1254 969 1480 1047; x_wconf 81' lang='lat' dir='ltr'><strong>Libyae</strong></span> <span class='ocrx_word' id='word_1_39' title='bbox 1505 969 1752 1031; x_wconf 78' lang='lat' dir='ltr'><strong>sufferre</strong></span> <span class='ocrx_word' id='word_1_40' title='bbox 1781 976 2009 1036; x_wconf 81' lang='lat' dir='ltr'><strong>calores</strong></span> 
     </span>
     <span class='ocr_line' id='line_1_7' title="bbox 547 1068 2039 1151; baseline 0.005 -24"><span class='ocrx_word' id='word_1_41' title='bbox 547 1068 822 1129; x_wconf 87' lang='lat' dir='ltr'><strong>occiduos</strong></span> <span class='ocrx_word' id='word_1_42' title='bbox 858 1092 922 1129; x_wconf 89' lang='lat' dir='ltr'><strong>se</strong></span> <span class='ocrx_word' id='word_1_43' title='bbox 947 1091 1121 1151; x_wconf 86' lang='lat' dir='ltr'><strong>posse</strong></span> <span class='ocrx_word' id='word_1_44' title='bbox 1152 1072 1393 1143; x_wconf 67' lang='lat' dir='ltr'><strong>ferunt3</strong></span> <span class='ocrx_word' id='word_1_45' title='bbox 1441 1075 1733 1150; x_wconf 76' lang='lat' dir='ltr'><strong>promittit</strong></span> <span class='ocrx_word' id='word_1_46' title='bbox 1760 1084 1820 1133; x_wconf 80' lang='lat' dir='ltr'><strong>et</strong></span> <span class='ocrx_word' id='word_1_47' title='bbox 1844 1080 2039 1151; x_wconf 78' lang='lat' dir='ltr'><strong>omnis</strong></span> 
     </span>
     <span class='ocr_line' id='line_1_8' title="bbox 545 1172 2330 1261; baseline 0.01 -33"><span class='ocrx_word' id='word_1_48' title='bbox 545 1172 717 1229; x_wconf 86' lang='lat' dir='ltr'><strong>turba</strong></span> <span class='ocrx_word' id='word_1_49' title='bbox 748 1191 961 1233; x_wconf 77' lang='lat' dir='ltr'><strong>manus</strong></span> <span class='ocrx_word' id='word_1_50' title='bbox 982 1182 1335 1253; x_wconf 78' lang='lat' dir='ltr'><strong>mentesque</strong></span> <span class='ocrx_word' id='word_1_51' title='bbox 1362 1172 1555 1247; x_wconf 82' lang='lat' dir='ltr'><strong>feras,</strong></span> <span class='ocrx_word' id='word_1_52' title='bbox 1598 1194 1970 1258; x_wconf 84' lang='lat' dir='ltr'><strong>magnosque</strong></span> <span class='ocrx_word' id='word_1_53' title='bbox 1998 1181 2233 1244; x_wconf 69' lang='lat' dir='ltr'><strong>labores</strong></span> <span class='ocrx_word' id='word_1_54' title='bbox 2327 1259 2330 1261; x_wconf 65' lang='lat'>‚</span> 
     </span>
     <span class='ocr_line' id='line_1_9' title="bbox 546 1274 2041 1359; baseline 0.008 -30"><span class='ocrx_word' id='word_1_55' title='bbox 546 1292 653 1350; x_wconf 88' lang='lat' dir='ltr'><strong>pro</strong></span> <span class='ocrx_word' id='word_1_56' title='bbox 676 1276 866 1351; x_wconf 81' lang='lat' dir='ltr'><strong>patria</strong></span> <span class='ocrx_word' id='word_1_57' title='bbox 895 1284 1123 1334; x_wconf 86' lang='lat' dir='ltr'><strong>tentare</strong></span> <span class='ocrx_word' id='word_1_58' title='bbox 1148 1274 1391 1349; x_wconf 73' lang='lat' dir='ltr'><strong>volunt,</strong></span> <span class='ocrx_word' id='word_1_59' title='bbox 1434 1285 1762 1359; x_wconf 78' lang='lat' dir='ltr'><strong>gentesque</strong></span> <span class='ocrx_word' id='word_1_60' title='bbox 1787 1280 2041 1342; x_wconf 85' lang='lat' dir='ltr'><strong>rebelles</strong></span> 
     </span>
    </p>

    <p class='ocr_par' dir='ltr' id='par_1_4' title="bbox 378 1373 1470 1459">
     <span class='ocr_line' id='line_1_10' title="bbox 378 1373 1470 1459; baseline 0.004 -28"><span class='ocrx_word' id='word_1_61' title='bbox 378 1376 505 1440; x_wconf 78' lang='lat'><strong>260</strong></span> <span class='ocrx_word' id='word_1_62' title='bbox 544 1373 875 1454; x_wconf 83' lang='lat' dir='ltr'><strong>despiciunt</strong></span> <span class='ocrx_word' id='word_1_63' title='bbox 903 1378 1257 1459; x_wconf 59' lang='lat' dir='ltr'><strong>animosque</strong></span> <span class='ocrx_word' id='word_1_64' title='bbox 1273 1385 1470 1445; x_wconf 70' lang='lat' dir='ltr'><strong>truces</strong></span> 
     </span>
    </p>

    <p class='ocr_par' dir='ltr' id='par_1_5' title="bbox 627 1477 1821 1541">
     <span class='ocr_line' id='line_1_11' title="bbox 627 1477 1821 1541; baseline 0.007 -8"><span class='ocrx_word' id='word_1_65' title='bbox 627 1478 851 1535; x_wconf 85' lang='lat' dir='ltr'>Ductor</span> <span class='ocrx_word' id='word_1_66' title='bbox 875 1488 940 1536; x_wconf 87' lang='lat' dir='ltr'><strong>ut</strong></span> <span class='ocrx_word' id='word_1_67' title='bbox 966 1490 1188 1541; x_wconf 85' lang='lat' dir='ltr'><strong>erectas</strong></span> <span class='ocrx_word' id='word_1_68' title='bbox 1215 1478 1370 1535; x_wconf 84' lang='lat' dir='ltr'><strong>acies</strong></span> <span class='ocrx_word' id='word_1_69' title='bbox 1394 1479 1610 1537; x_wconf 76' lang='lat' dir='ltr'><strong>virtute</strong></span> <span class='ocrx_word' id='word_1_70' title='bbox 1635 1477 1821 1541; x_wconf 84' lang='lat' dir='ltr'><strong>feroci</strong></span> 
     </span>
    </p>

    <p class='ocr_par' dir='ltr' id='par_1_6' title="bbox 546 1576 2233 1862">
     <span class='ocr_line' id='line_1_12' title="bbox 546 1576 1957 1660; baseline 0.006 -25"><span class='ocrx_word' id='word_1_71' title='bbox 546 1576 728 1654; x_wconf 84' lang='lat' dir='ltr'><strong>vidit,</strong></span> <span class='ocrx_word' id='word_1_72' title='bbox 775 1589 835 1637; x_wconf 87' lang='lat' dir='ltr'><strong>et</strong></span> <span class='ocrx_word' id='word_1_73' title='bbox 857 1580 1184 1660; x_wconf 84' lang='lat' dir='ltr'><strong>intrepidas</strong></span> <span class='ocrx_word' id='word_1_74' title='bbox 1212 1598 1345 1638; x_wconf 84' lang='lat' dir='ltr'><strong>sese</strong></span> <span class='ocrx_word' id='word_1_75' title='bbox 1362 1581 1716 1659; x_wconf 72' lang='lat' dir='ltr'><strong>‚promittere</strong></span> <span class='ocrx_word' id='word_1_76' title='bbox 1750 1584 1957 1659; x_wconf 79' lang='lat' dir='ltr'><strong>bellis,</strong></span> 
     </span>
     <span class='ocr_line' id='line_1_13' title="bbox 546 1674 2233 1759; baseline 0.007 -20"><span class='ocrx_word' id='word_1_77' title='bbox 546 1674 715 1759; x_wconf 79' lang='lat' dir='ltr'><strong>signa</strong></span> <span class='ocrx_word' id='word_1_78' title='bbox 744 1680 1041 1741; x_wconf 74' lang='lat' dir='ltr'><strong>movenda</strong></span> <span class='ocrx_word' id='word_1_79' title='bbox 1071 1683 1250 1741; x_wconf 84' lang='lat' dir='ltr'><strong>canit.</strong></span> <span class='ocrx_word' id='word_1_80' title='bbox 1334 1691 1479 1740; x_wconf 86' lang='lat' dir='ltr'><strong>tunc</strong></span> <span class='ocrx_word' id='word_1_81' title='bbox 1508 1701 1718 1743; x_wconf 86' lang='lat' dir='ltr'><strong>raucos</strong></span> <span class='ocrx_word' id='word_1_82' title='bbox 1749 1684 1996 1745; x_wconf 85' lang='lat' dir='ltr'><strong>buccina</strong></span> <span class='ocrx_word' id='word_1_83' title='bbox 2028 1699 2233 1749; x_wconf 80' lang='lat' dir='ltr'><strong>cantus</strong></span> 
     </span>
     <span class='ocr_line' id='line_1_14' title="bbox 549 1784 2046 1862; baseline 0.006 -22"><span class='ocrx_word' id='word_1_84' title='bbox 549 1803 682 1841; x_wconf 84' lang='lat' dir='ltr'><strong>aere</strong></span> <span class='ocrx_word' id='word_1_85' title='bbox 711 1784 933 1862; x_wconf 78' lang='lat' dir='ltr'><strong>gemit3</strong></span> <span class='ocrx_word' id='word_1_86' title='bbox 980 1786 1097 1842; x_wconf 87' lang='lat' dir='ltr'><strong>ciet</strong></span> <span class='ocrx_word' id='word_1_87' title='bbox 1119 1793 1376 1843; x_wconf 77' lang='lat' dir='ltr'><strong>arinates</strong></span> <span class='ocrx_word' id='word_1_88' title='bbox 1400 1804 1521 1843; x_wconf 77' lang='lat' dir='ltr'><strong>vox</strong></span> <span class='ocrx_word' id='word_1_89' title='bbox 1550 1804 1730 1844; x_wconf 81' lang='lat' dir='ltr'><strong>saeva</strong></span> <span class='ocrx_word' id='word_1_90' title='bbox 1761 1798 2046 1849; x_wconf 79' lang='lat' dir='ltr'><strong>catervas.</strong></span> 
     </span>
    </p>

    <p class='ocr_par' dir='ltr' id='par_1_7' title="bbox 375 1884 2063 2374">
     <span class='ocr_line' id='line_1_15' title="bbox 375 1884 1948 1965; baseline 0.003 -23"><span class='ocrx_word' id='word_1_91' title='bbox 375 1885 505 1951; x_wconf 78' lang='lat'><strong>265</strong></span> <span class='ocrx_word' id='word_1_92' title='bbox 547 1887 902 1954; x_wconf 79' lang='lat' dir='ltr'><strong>conveniunt</strong></span> <span class='ocrx_word' id='word_1_93' title='bbox 926 1896 1173 1947; x_wconf 82' lang='lat' dir='ltr'><strong>cunctae</strong></span> <span class='ocrx_word' id='word_1_94' title='bbox 1200 1887 1452 1965; x_wconf 82' lang='lat' dir='ltr'><strong>propriis</strong></span> <span class='ocrx_word' id='word_1_95' title='bbox 1478 1905 1513 1944; x_wconf 88' lang='lat' dir='ltr'><strong>a</strong></span> <span class='ocrx_word' id='word_1_96' title='bbox 1546 1884 1787 1947; x_wconf 81' lang='lat' dir='ltr'><strong>sedibus</strong></span> <span class='ocrx_word' id='word_1_97' title='bbox 1817 1889 1948 1957; x_wconf 87' lang='lat' dir='ltr'><strong>alae</strong></span> 
     </span>
     <span class='ocr_line' id='line_1_16' title="bbox 547 1985 2063 2069; baseline 0.003 -25"><span class='ocrx_word' id='word_1_98' title='bbox 547 1998 607 2044; x_wconf 87' lang='lat' dir='ltr'><strong>et</strong></span> <span class='ocrx_word' id='word_1_99' title='bbox 633 1985 866 2067; x_wconf 81' lang='lat' dir='ltr'><strong>pedites</strong></span> <span class='ocrx_word' id='word_1_100' title='bbox 890 1988 1069 2063; x_wconf 86' lang='lat' dir='ltr'><strong>iussi,</strong></span> <span class='ocrx_word' id='word_1_101' title='bbox 1116 1990 1477 2069; x_wconf 76' lang='lat' dir='ltr'><strong>comitesque</strong></span> <span class='ocrx_word' id='word_1_102' title='bbox 1508 1986 1809 2069; x_wconf 78' lang='lat' dir='ltr'><strong>ducesque</strong></span> <span class='ocrx_word' id='word_1_103' title='bbox 1830 1993 2063 2068; x_wconf 86' lang='lat' dir='ltr'><strong>Latini,</strong></span> 
     </span>
     <span class='ocr_line' id='line_1_17' title="bbox 543 2087 2012 2170; baseline 0.003 -23"><span class='ocrx_word' id='word_1_104' title='bbox 543 2090 954 2170; x_wconf 84' lang='lat' dir='ltr'><strong>Massylasque</strong></span> <span class='ocrx_word' id='word_1_105' title='bbox 986 2087 1228 2148; x_wconf 84' lang='lat' dir='ltr'><strong>trahens</strong></span> <span class='ocrx_word' id='word_1_106' title='bbox 1262 2092 1419 2150; x_wconf 81' lang='lat' dir='ltr'><strong>acies</strong></span> <span class='ocrx_word' id='word_1_107' title='bbox 1445 2091 1510 2161; x_wconf 84' lang='lat' dir='ltr'><strong>in</strong></span> <span class='ocrx_word' id='word_1_108' title='bbox 1541 2090 1700 2149; x_wconf 87' lang='lat' dir='ltr'><strong>bella</strong></span> <span class='ocrx_word' id='word_1_109' title='bbox 1726 2093 2012 2170; x_wconf 78' lang='lat' dir='ltr'><strong>magister</strong></span> 
     </span>
     <span class='ocr_line' id='line_1_18' title="bbox 545 2190 1982 2271; baseline 0.001 -20"><span class='ocrx_word' id='word_1_110' title='bbox 545 2194 764 2251; x_wconf 86' lang='lat' dir='ltr'><strong>Cusina</strong></span> <span class='ocrx_word' id='word_1_111' title='bbox 782 2236 799 2267; x_wconf 93' lang='lat'>,</span> <span class='ocrx_word' id='word_1_112' title='bbox 851 2193 1135 2251; x_wconf 84' lang='lat' dir='ltr'><strong>Romanis</strong></span> <span class='ocrx_word' id='word_1_113' title='bbox 1160 2211 1397 2271; x_wconf 82' lang='lat' dir='ltr'><strong>semper</strong></span> <span class='ocrx_word' id='word_1_114' title='bbox 1426 2190 1748 2252; x_wconf 76' lang='lat' dir='ltr'><strong>fidissimus</strong></span> <span class='ocrx_word' id='word_1_115' title='bbox 1771 2196 1982 2253; x_wconf 82' lang='lat' dir='ltr'><strong>armis.</strong></span> 
     </span>
     <span class='ocr_line' id='line_1_19' title="bbox 546 2292 2039 2374; baseline 0.001 -22"><span class='ocrx_word' id='word_1_116' title='bbox 546 2297 739 2374; x_wconf 83' lang='lat' dir='ltr'><strong>pergit</strong></span> <span class='ocrx_word' id='word_1_117' title='bbox 766 2296 829 2352; x_wconf 86' lang='lat' dir='ltr'><strong>in</strong></span> <span class='ocrx_word' id='word_1_118' title='bbox 856 2294 1176 2355; x_wconf 84' lang='lat' dir='ltr'><strong>australem</strong></span> <span class='ocrx_word' id='word_1_119' title='bbox 1201 2292 1411 2352; x_wconf 89' lang='lat' dir='ltr'><strong>ductor</strong></span> <span class='ocrx_word' id='word_1_120' title='bbox 1438 2295 1796 2357; x_wconf 78' lang='lat' dir='ltr'><strong>fortissimus</strong></span> <span class='ocrx_word' id='word_1_121' title='bbox 1823 2314 2003 2353; x_wconf 84' lang='lat' dir='ltr'><strong>axem</strong></span> <span class='ocrx_word' id='word_1_122' title='bbox 2019 2338 2039 2370; x_wconf 83' lang='lat'>,</span> 
     </span>
    </p>

    <p class='ocr_par' dir='ltr' id='par_1_8' title="bbox 371 2394 2238 2865">
     <span class='ocr_line' id='line_1_20' title="bbox 371 2394 2028 2478; baseline 0.001 -23"><span class='ocrx_word' id='word_1_123' title='bbox 371 2400 504 2464; x_wconf 80' lang='lat'><strong>270</strong></span> <span class='ocrx_word' id='word_1_124' title='bbox 543 2417 660 2478; x_wconf 85' lang='lat' dir='ltr'><strong>qua</strong></span> <span class='ocrx_word' id='word_1_125' title='bbox 691 2397 929 2456; x_wconf 81' lang='lat' dir='ltr'><strong>fervens</strong></span> <span class='ocrx_word' id='word_1_126' title='bbox 946 2396 1081 2456; x_wconf 83' lang='lat' dir='ltr'><strong>loca</strong></span> <span class='ocrx_word' id='word_1_127' title='bbox 1107 2398 1264 2456; x_wconf 83' lang='lat' dir='ltr'><strong>sicca</strong></span> <span class='ocrx_word' id='word_1_128' title='bbox 1292 2394 1422 2455; x_wconf 88' lang='lat' dir='ltr'><strong>dies</strong></span> <span class='ocrx_word' id='word_1_129' title='bbox 1450 2397 1561 2456; x_wconf 89' lang='lat' dir='ltr'><strong>sub</strong></span> <span class='ocrx_word' id='word_1_130' title='bbox 1593 2394 1788 2456; x_wconf 80' lang='lat' dir='ltr'><strong>sidere</strong></span> <span class='ocrx_word' id='word_1_131' title='bbox 1824 2399 2028 2456; x_wconf 80' lang='lat' dir='ltr'><strong>cancri</strong></span> 
     </span>
     <span class='ocr_line' id='line_1_21' title="bbox 545 2499 2155 2578; baseline 0 -21"><span class='ocrx_word' id='word_1_132' title='bbox 545 2499 670 2557; x_wconf 86' lang='lat' dir='ltr'><strong>sole</strong></span> <span class='ocrx_word' id='word_1_133' title='bbox 701 2507 940 2577; x_wconf 83' lang='lat' dir='ltr'><strong>perusta</strong></span> <span class='ocrx_word' id='word_1_134' title='bbox 975 2506 1138 2557; x_wconf 82' lang='lat' dir='ltr'><strong>tenet</strong></span> <span class='ocrx_word' id='word_1_135' title='bbox 1162 2500 1453 2574; x_wconf 86' lang='lat' dir='ltr'><strong>nimium,</strong></span> <span class='ocrx_word' id='word_1_136' title='bbox 1503 2517 1859 2578; x_wconf 74' lang='lat' dir='ltr'><strong>semperque</strong></span> <span class='ocrx_word' id='word_1_137' title='bbox 1879 2499 2155 2558; x_wconf 85' lang='lat' dir='ltr'><strong>laborant</strong></span> 
     </span>
     <span class='ocr_line' id='line_1_22' title="bbox 547 2596 2238 2682; baseline 0.004 -24"><span class='ocrx_word' id='word_1_138' title='bbox 547 2619 687 2658; x_wconf 79' lang='lat' dir='ltr'><strong>arva</strong></span> <span class='ocrx_word' id='word_1_139' title='bbox 716 2602 815 2659; x_wconf 85' lang='lat' dir='ltr'><strong>siti</strong></span> <span class='ocrx_word' id='word_1_140' title='bbox 830 2596 1242 2680; x_wconf 79' lang='lat' dir='ltr'><strong>zephyrisque</strong></span> <span class='ocrx_word' id='word_1_141' title='bbox 1271 2611 1491 2659; x_wconf 80' lang='lat' dir='ltr'><strong>carent.</strong></span> <span class='ocrx_word' id='word_1_142' title='bbox 1561 2620 1824 2682; x_wconf 88' lang='lat' dir='ltr'><strong>namque</strong></span> <span class='ocrx_word' id='word_1_143' title='bbox 1848 2602 2087 2663; x_wconf 83' lang='lat' dir='ltr'><strong>Africus</strong></span> <span class='ocrx_word' id='word_1_144' title='bbox 2111 2605 2238 2668; x_wconf 83' lang='lat' dir='ltr'><strong>illic</strong></span> 
     </span>
     <span class='ocr_line' id='line_1_23' title="bbox 547 2702 1979 2782; baseline 0.003 -22"><span class='ocrx_word' id='word_1_145' title='bbox 547 2703 748 2762; x_wconf 87' lang='lat' dir='ltr'><strong>omnia</strong></span> <span class='ocrx_word' id='word_1_146' title='bbox 778 2702 1196 2768; x_wconf 80' lang='lat' dir='ltr'><strong>flammivomis</strong></span> <span class='ocrx_word' id='word_1_147' title='bbox 1220 2705 1487 2763; x_wconf 80' lang='lat' dir='ltr'><strong>exsiccat.</strong></span> <span class='ocrx_word' id='word_1_148' title='bbox 1509 2723 1646 2772; x_wconf 82' lang='lat' dir='ltr'><strong>rura</strong></span> <span class='ocrx_word' id='word_1_149' title='bbox 1676 2704 1979 2782; x_wconf 84' lang='lat' dir='ltr'><strong>procellis.</strong></span> 
     </span>
     <span class='ocr_line' id='line_1_24' title="bbox 544 2802 1722 2865; baseline 0.003 -4"><span class='ocrx_word' id='word_1_150' title='bbox 544 2804 669 2862; x_wconf 85' lang='lat' dir='ltr'><strong>illic</strong></span> <span class='ocrx_word' id='word_1_151' title='bbox 698 2814 757 2861; x_wconf 87' lang='lat' dir='ltr'><strong>et</strong></span> <span class='ocrx_word' id='word_1_152' title='bbox 787 2806 993 2863; x_wconf 85' lang='lat' dir='ltr'><strong>sitiens</strong></span> <span class='ocrx_word' id='word_1_153' title='bbox 1027 2802 1236 2864; x_wconf 79' lang='lat' dir='ltr'><strong>calidis</strong></span> <span class='ocrx_word' id='word_1_154' title='bbox 1266 2815 1504 2864; x_wconf 82' lang='lat' dir='ltr'><strong>exerrat</strong></span> <span class='ocrx_word' id='word_1_155' title='bbox 1525 2807 1722 2865; x_wconf 87' lang='lat' dir='ltr'><strong>arenis</strong></span> 
     </span>
    </p>

    <p class='ocr_par' dir='ltr' id='par_1_9' title="bbox 372 2904 2147 2986">
     <span class='ocr_line' id='line_1_25' title="bbox 372 2904 2147 2986; baseline 0.003 -21"><span class='ocrx_word' id='word_1_156' title='bbox 372 2906 504 2974; x_wconf 80' lang='lat'><strong>275</strong></span> <span class='ocrx_word' id='word_1_157' title='bbox 545 2907 693 2966; x_wconf 85' lang='lat' dir='ltr'><strong>Afer</strong></span> <span class='ocrx_word' id='word_1_158' title='bbox 713 2904 963 2964; x_wconf 77' lang='lat' dir='ltr'><strong>anhelus</strong></span> <span class='ocrx_word' id='word_1_159' title='bbox 981 2949 1000 2982; x_wconf 85' lang='lat'><strong>,</strong></span> <span class='ocrx_word' id='word_1_160' title='bbox 1040 2907 1245 2986; x_wconf 87' lang='lat' dir='ltr'><strong>inops,</strong></span> <span class='ocrx_word' id='word_1_161' title='bbox 1296 2908 1536 2986; x_wconf 82' lang='lat' dir='ltr'><strong>Stygias</strong></span> <span class='ocrx_word' id='word_1_162' title='bbox 1564 2909 1816 2968; x_wconf 78' lang='lat' dir='ltr'><strong>rimatur</strong></span> <span class='ocrx_word' id='word_1_163' title='bbox 1847 2919 1907 2968; x_wconf 86' lang='lat' dir='ltr'><strong>et</strong></span> <span class='ocrx_word' id='word_1_164' title='bbox 1932 2907 2147 2970; x_wconf 83' lang='lat' dir='ltr'><strong>undas.</strong></span> 
     </span>
    </p>

    <p class='ocr_par' dir='ltr' id='par_1_10' title="bbox 628 3009 2237 3090">
     <span class='ocr_line' id='line_1_26' title="bbox 628 3009 2237 3090; baseline 0.005 -25"><span class='ocrx_word' id='word_1_165' title='bbox 628 3010 810 3066; x_wconf 84' lang='lat' dir='ltr'><strong>Fama</strong></span> <span class='ocrx_word' id='word_1_166' title='bbox 835 3028 943 3088; x_wconf 89' lang='lat' dir='ltr'><strong>per</strong></span> <span class='ocrx_word' id='word_1_167' title='bbox 973 3009 1314 3068; x_wconf 84' lang='lat' dir='ltr'><strong>innumeras</strong></span> <span class='ocrx_word' id='word_1_168' title='bbox 1339 3029 1625 3089; x_wconf 83' lang='lat' dir='ltr'><strong>spargens</strong></span> <span class='ocrx_word' id='word_1_169' title='bbox 1654 3012 1972 3089; x_wconf 81' lang='lat' dir='ltr'><strong>praeconia</strong></span> <span class='ocrx_word' id='word_1_170' title='bbox 1999 3013 2237 3090; x_wconf 68' lang='lat' dir='ltr'><strong>linguas</strong></span> 
     </span>
    </p>

    <p class='ocr_par' dir='ltr' id='par_1_11' title="bbox 544 3110 2150 3397">
     <span class='ocr_line' id='line_1_27' title="bbox 544 3110 2150 3191; baseline 0.004 -21"><span class='ocrx_word' id='word_1_171' title='bbox 544 3122 682 3170; x_wconf 87' lang='lat' dir='ltr'><strong>ante</strong></span> <span class='ocrx_word' id='word_1_172' title='bbox 710 3111 875 3169; x_wconf 76' lang='lat' dir='ltr'><strong>volat</strong></span> <span class='ocrx_word' id='word_1_173' title='bbox 892 3156 908 3185; x_wconf 88' lang='lat'>,</span> <span class='ocrx_word' id='word_1_174' title='bbox 948 3111 1168 3170; x_wconf 83' lang='lat' dir='ltr'><strong>fortem</strong></span> <span class='ocrx_word' id='word_1_175' title='bbox 1195 3112 1458 3171; x_wconf 84' lang='lat' dir='ltr'><strong>referens</strong></span> <span class='ocrx_word' id='word_1_176' title='bbox 1480 3132 1795 3191; x_wconf 84' lang='lat' dir='ltr'><strong>properare</strong></span> <span class='ocrx_word' id='word_1_177' title='bbox 1811 3110 2150 3176; x_wconf 76' lang='lat' dir='ltr'><strong>Iohannem</strong></span> 
     </span>
     <span class='ocr_line' id='line_1_28' title="bbox 546 3211 2147 3293; baseline 0.002 -20"><span class='ocrx_word' id='word_1_178' title='bbox 546 3234 682 3273; x_wconf 89' lang='lat' dir='ltr'><strong>cum</strong></span> <span class='ocrx_word' id='word_1_179' title='bbox 708 3211 964 3271; x_wconf 75' lang='lat' dir='ltr'><strong>ducibus</strong></span> <span class='ocrx_word' id='word_1_180' title='bbox 980 3213 1226 3272; x_wconf 85' lang='lat' dir='ltr'><strong>cunctis.</strong></span> <span class='ocrx_word' id='word_1_181' title='bbox 1308 3214 1540 3293; x_wconf 86' lang='lat' dir='ltr'><strong>Abylae</strong></span> <span class='ocrx_word' id='word_1_182' title='bbox 1558 3216 1884 3292; x_wconf 86' lang='lat' dir='ltr'><strong>Tingensis</strong></span> <span class='ocrx_word' id='word_1_183' title='bbox 1906 3215 1984 3274; x_wconf 79' lang='lat' dir='ltr'><strong>ad</strong></span> <span class='ocrx_word' id='word_1_184' title='bbox 2005 3236 2147 3282; x_wconf 65' lang='lat' dir='ltr'><strong>arva</strong></span> 
     </span>
     <span class='ocr_line' id='line_1_29' title="bbox 546 3312 2056 3397; baseline 0.001 -23"><span class='ocrx_word' id='word_1_185' title='bbox 546 3316 815 3396; x_wconf 84' lang='lat' dir='ltr'><strong>improba</strong></span> <span class='ocrx_word' id='word_1_186' title='bbox 839 3312 1029 3373; x_wconf 85' lang='lat' dir='ltr'><strong>tendit</strong></span> <span class='ocrx_word' id='word_1_187' title='bbox 1050 3317 1182 3372; x_wconf 87' lang='lat' dir='ltr'><strong>iter.</strong></span> <span class='ocrx_word' id='word_1_188' title='bbox 1269 3315 1417 3378; x_wconf 87' lang='lat' dir='ltr'><strong>fines</strong></span> <span class='ocrx_word' id='word_1_189' title='bbox 1440 3317 1564 3374; x_wconf 87' lang='lat' dir='ltr'><strong>iam</strong></span> <span class='ocrx_word' id='word_1_190' title='bbox 1589 3326 1790 3394; x_wconf 80' lang='lat' dir='ltr'><strong>raptor</strong></span> <span class='ocrx_word' id='word_1_191' title='bbox 1814 3318 2056 3397; x_wconf 78' lang='lat' dir='ltr'><strong>iniquus</strong></span> 
     </span>
    </p>

    <p class='ocr_par' dir='ltr' id='par_1_12' title="bbox 373 3418 2035 3908">
     <span class='ocr_line' id='line_1_30' title="bbox 373 3418 1980 3498; baseline 0.002 -21"><span class='ocrx_word' id='word_1_192' title='bbox 373 3422 504 3486; x_wconf 81' lang='lat'><strong>280</strong></span> <span class='ocrx_word' id='word_1_193' title='bbox 542 3421 782 3498; x_wconf 84' lang='lat' dir='ltr'><strong>Byzacii</strong></span> <span class='ocrx_word' id='word_1_194' title='bbox 811 3418 1079 3476; x_wconf 76' lang='lat' dir='ltr'><strong>vastabat</strong></span> <span class='ocrx_word' id='word_1_195' title='bbox 1104 3436 1312 3498; x_wconf 87' lang='lat' dir='ltr'><strong>eques.</strong></span> <span class='ocrx_word' id='word_1_196' title='bbox 1395 3419 1481 3476; x_wconf 87' lang='lat' dir='ltr'><strong>sic</strong></span> <span class='ocrx_word' id='word_1_197' title='bbox 1507 3426 1746 3496; x_wconf 84' lang='lat' dir='ltr'><strong>pectora</strong></span> <span class='ocrx_word' id='word_1_198' title='bbox 1766 3438 1980 3480; x_wconf 81' lang='lat' dir='ltr'><strong>-rumor</strong></span> 
     </span>
     <span class='ocr_line' id='line_1_31' title="bbox 543 3516 1920 3597; baseline 0.001 -18"><span class='ocrx_word' id='word_1_199' title='bbox 543 3523 800 3580; x_wconf 86' lang='lat' dir='ltr'><strong>nominis</strong></span> <span class='ocrx_word' id='word_1_200' title='bbox 826 3522 1119 3579; x_wconf 84' lang='lat' dir='ltr'><strong>incutiens</strong></span> <span class='ocrx_word' id='word_1_201' title='bbox 1145 3537 1366 3597; x_wconf 83' lang='lat' dir='ltr'><strong>magna</strong></span> <span class='ocrx_word' id='word_1_202' title='bbox 1394 3519 1611 3578; x_wconf 73' lang='lat' dir='ltr'><strong>virtute</strong></span> <span class='ocrx_word' id='word_1_203' title='bbox 1638 3516 1920 3580; x_wconf 81' lang='lat' dir='ltr'><strong>Iohannis</strong></span> 
     </span>
     <span class='ocr_line' id='line_1_32' title="bbox 543 3622 1989 3699; baseline 0 -19"><span class='ocrx_word' id='word_1_204' title='bbox 543 3626 781 3681; x_wconf 85' lang='lat' dir='ltr'><strong>terruit:</strong></span> <span class='ocrx_word' id='word_1_205' title='bbox 824 3624 1167 3681; x_wconf 81' lang='lat' dir='ltr'><strong>innumeras</strong></span> <span class='ocrx_word' id='word_1_206' title='bbox 1197 3623 1355 3684; x_wconf 88' lang='lat' dir='ltr'><strong>acies</strong></span> <span class='ocrx_word' id='word_1_207' title='bbox 1378 3631 1517 3699; x_wconf 85' lang='lat' dir='ltr'><strong>post</strong></span> <span class='ocrx_word' id='word_1_208' title='bbox 1540 3631 1706 3699; x_wconf 82' lang='lat' dir='ltr'><strong>terga</strong></span> <span class='ocrx_word' id='word_1_209' title='bbox 1730 3622 1989 3680; x_wconf 84' lang='lat' dir='ltr'><strong>reflexit.</strong></span> 
     </span>
     <span class='ocr_line' id='line_1_33' title="bbox 542 3723 1999 3805; baseline 0 -23"><span class='ocrx_word' id='word_1_210' title='bbox 542 3725 667 3783; x_wconf 83' lang='lat' dir='ltr'><strong>iam</strong></span> <span class='ocrx_word' id='word_1_211' title='bbox 688 3746 865 3805; x_wconf 87' lang='lat' dir='ltr'><strong>super</strong></span> <span class='ocrx_word' id='word_1_212' title='bbox 891 3745 1020 3784; x_wconf 86' lang='lat' dir='ltr'><strong>esse</strong></span> <span class='ocrx_word' id='word_1_213' title='bbox 1048 3734 1290 3805; x_wconf 83' lang='lat' dir='ltr'><strong>putant:</strong></span> <span class='ocrx_word' id='word_1_214' title='bbox 1335 3725 1452 3782; x_wconf 84' lang='lat' dir='ltr'><strong>acti</strong></span> <span class='ocrx_word' id='word_1_215' title='bbox 1479 3733 1701 3783; x_wconf 87' lang='lat' dir='ltr'><strong>terrore</strong></span> <span class='ocrx_word' id='word_1_216' title='bbox 1725 3723 1999 3801; x_wconf 81' lang='lat' dir='ltr'><strong>magistri</strong></span> 
     </span>
     <span class='ocr_line' id='line_1_34' title="bbox 545 3825 2035 3908; baseline 0.003 -23"><span class='ocrx_word' id='word_1_217' title='bbox 545 3831 779 3907; x_wconf 84' lang='lat' dir='ltr'><strong>experti</strong></span> <span class='ocrx_word' id='word_1_218' title='bbox 805 3825 1139 3908; x_wconf 78' lang='lat' dir='ltr'><strong>trepidant3</strong></span> <span class='ocrx_word' id='word_1_219' title='bbox 1181 3826 1383 3887; x_wconf 78' lang='lat' dir='ltr'><strong>vultus</strong></span> <span class='ocrx_word' id='word_1_220' title='bbox 1408 3835 1813 3886; x_wconf 83' lang='lat' dir='ltr'><strong>memorantur</strong></span> <span class='ocrx_word' id='word_1_221' title='bbox 1835 3826 2035 3890; x_wconf 74' lang='lat' dir='ltr'><strong>acerbi</strong></span> 
     </span>
    </p>

    <p class='ocr_par' dir='ltr' id='par_1_13' title="bbox 373 3926 2082 4012">
     <span class='ocr_line' id='line_1_35' title="bbox 373 3926 2082 4012; baseline 0 -20"><span class='ocrx_word' id='word_1_222' title='bbox 373 3926 500 3992; x_wconf 80' lang='lat'><strong>285</strong></span> <span class='ocrx_word' id='word_1_223' title='bbox 541 3930 829 4012; x_wconf 78' lang='lat' dir='ltr'><strong>signaque</strong></span> <span class='ocrx_word' id='word_1_224' title='bbox 858 3942 1069 3992; x_wconf 80' lang='lat' dir='ltr'><strong>cuncta</strong></span> <span class='ocrx_word' id='word_1_225' title='bbox 1096 3932 1246 4006; x_wconf 61' lang='grc' dir='ltr'><strong>τίείς</strong></span> <span class='ocrx_word' id='word_1_226' title='bbox 1290 3929 1475 3988; x_wconf 79' lang='lat' dir='ltr'><strong>sicces</strong></span> <span class='ocrx_word' id='word_1_227' title='bbox 1505 3946 1785 4007; x_wconf 74' lang='lat' dir='ltr'><strong>superare</strong></span> <span class='ocrx_word' id='word_1_228' title='bbox 1824 3927 2082 3992; x_wconf 73' lang='lat' dir='ltr'><strong>Gadaias</strong></span> 
     </span>
    </p>
   </div>
   <div class='ocr_carea' id='block_1_3' title="bbox 370 4135 2559 4284">
    <p class='ocr_par' dir='ltr' id='par_1_14' title="bbox 370 4135 2559 4284">
     <span class='ocr_line' id='line_1_36' title="bbox 370 4135 2558 4233; baseline 0.001 -37"><span class='ocrx_word' id='word_1_229' title='bbox 370 4141 479 4197; x_wconf 74' lang='lat'><strong>257</strong></span> <span class='ocrx_word' id='word_1_230' title='bbox 510 4159 682 4231; x_wconf 70' lang='lat' dir='ltr'><strong>quaes</strong></span> <span class='ocrx_word' id='word_1_231' title='bbox 706 4145 757 4198; x_wconf 81' lang='grc' dir='ltr'>Τ</span> <span class='ocrx_word' id='word_1_232' title='bbox 852 4216 866 4230; x_wconf 47' lang='grc'><strong>.</strong></span> <span class='ocrx_word' id='word_1_233' title='bbox 942 4148 1048 4204; x_wconf 80' lang='lat'><strong>260</strong></span> <span class='ocrx_word' id='word_1_234' title='bbox 1072 4155 1195 4233; x_wconf 72' lang='lat' dir='ltr'><strong>post</strong></span> <span class='ocrx_word' id='word_1_235' title='bbox 1217 4152 1389 4200; x_wconf 79' lang='lat' dir='ltr'><strong>truces</strong></span> <span class='ocrx_word' id='word_1_236' title='bbox 1412 4146 1463 4199; x_wconf 84' lang='lat'><strong>&#39;1&#39;</strong></span> <span class='ocrx_word' id='word_1_237' title='bbox 1472 4146 1619 4202; x_wconf 8' lang='lat' dir='ltr'><strong>‚tacie-</strong></span> <span class='ocrx_word' id='word_1_238' title='bbox 1640 4135 2016 4230; x_wconf 44' lang='lat' dir='ltr'><strong>uirtute-feroci</strong></span> <span class='ocrx_word' id='word_1_239' title='bbox 2031 4188 2048 4217; x_wconf 93' lang='lat'>‚</span> <span class='ocrx_word' id='word_1_240' title='bbox 2075 4145 2146 4204; x_wconf 77' lang='lat' dir='ltr'><strong>-M</strong></span> <span class='ocrx_word' id='word_1_241' title='bbox 2161 4145 2354 4200; x_wconf 76' lang='lat' dir='ltr'><strong>virtute</strong></span> <span class='ocrx_word' id='word_1_242' title='bbox 2376 4146 2558 4212; x_wconf 74' lang='lat' dir='ltr'><strong>feroci,</strong></span> 
     </span>
     <span class='ocr_line' id='line_1_37' title="bbox 372 4215 2559 4284; baseline 0 -17"><span class='ocrx_word' id='word_1_243' title='bbox 372 4215 650 4281; x_wconf 70' lang='lat' dir='ltr'><strong>comp-tato</strong></span> <span class='ocrx_word' id='word_1_244' title='bbox 670 4229 823 4269; x_wconf 66' lang='grc' dir='ltr'><strong>νει-ιιι</strong></span> <span class='ocrx_word' id='word_1_245' title='bbox 842 4221 1103 4284; x_wconf 59' lang='lat' dir='ltr'><strong>satam-13</strong></span> <span class='ocrx_word' id='word_1_246' title='bbox 1136 4219 1203 4271; x_wconf 64' lang='grc' dir='ltr'><strong>εἰ.</strong></span> <span class='ocrx_word' id='word_1_247' title='bbox 1226 4220 1263 4273; x_wconf 80' lang='grc'><strong>8</strong></span> <span class='ocrx_word' id='word_1_248' title='bbox 1288 4217 1403 4273; x_wconf 85' lang='lat'><strong>190.</strong></span> <span class='ocrx_word' id='word_1_249' title='bbox 1592 4217 1696 4269; x_wconf 76' lang='lat'><strong>266</strong></span> <span class='ocrx_word' id='word_1_250' title='bbox 1723 4224 1931 4270; x_wconf 68' lang='lat' dir='ltr'><strong>comum</strong></span> <span class='ocrx_word' id='word_1_251' title='bbox 1959 4218 2009 4272; x_wconf 83' lang='grc' dir='ltr'><strong><em>Τ</em></strong></span> <span class='ocrx_word' id='word_1_252' title='bbox 2192 4216 2294 4269; x_wconf 77' lang='lat'><strong>272</strong></span> <span class='ocrx_word' id='word_1_253' title='bbox 2316 4215 2485 4269; x_wconf 72' lang='lat' dir='ltr'><strong>calent</strong></span> <span class='ocrx_word' id='word_1_254' title='bbox 2508 4217 2559 4267; x_wconf 75' lang='grc' dir='ltr'><strong><em>Τ</em></strong></span> 
     </span>
    </p>
   </div>
   <div class='ocr_carea' id='block_1_4' title="bbox 366 4281 2579 4408">
    <p class='ocr_par' dir='ltr' id='par_1_15' title="bbox 366 4281 2579 4408">
     <span class='ocr_line' id='line_1_38' title="bbox 370 4281 2579 4407; baseline 0.002 -72"><span class='ocrx_word' id='word_1_255' title='bbox 370 4281 486 4401; x_wconf 48' lang='lat'><strong>2³3</strong></span> <span class='ocrx_word' id='word_1_256' title='bbox 508 4282 946 4407; x_wconf 50' lang='lat' dir='ltr'><strong>hgilabtanffentis</strong></span> <span class='ocrx_word' id='word_1_257' title='bbox 964 4287 1032 4340; x_wconf 80' lang='lat' dir='ltr'><strong>ad</strong></span> <span class='ocrx_word' id='word_1_258' title='bbox 1056 4303 1207 4341; x_wconf 72' lang='lat' dir='ltr'><strong>auras</strong></span> <span class='ocrx_word' id='word_1_259' title='bbox 1232 4289 1281 4340; x_wconf 79' lang='grc' dir='ltr'><em>Τ</em></span> <span class='ocrx_word' id='word_1_260' title='bbox 1479 4285 1583 4339; x_wconf 75' lang='grc'><strong>279</strong></span> <span class='ocrx_word' id='word_1_261' title='bbox 1613 4284 1867 4355; x_wconf 70' lang='lat' dir='ltr'><strong>improbat</strong></span> <span class='ocrx_word' id='word_1_262' title='bbox 1891 4287 1942 4342; x_wconf 71' lang='lat' dir='ltr'><em>T</em></span> <span class='ocrx_word' id='word_1_263' title='bbox 2127 4286 2230 4340; x_wconf 78' lang='lat'><strong>284</strong></span> <span class='ocrx_word' id='word_1_264' title='bbox 2263 4291 2486 4338; x_wconf 70' lang='lat' dir='ltr'><strong>tremum</strong></span> <span class='ocrx_word' id='word_1_265' title='bbox 2512 4282 2579 4339; x_wconf 70' lang='lat' dir='ltr'><strong>T.</strong></span> 
     </span>
     <span class='ocr_line' id='line_1_39' title="bbox 366 4356 838 4408; baseline 0.013 -6"><span class='ocrx_word' id='word_1_266' title='bbox 366 4366 390 4402; x_wconf 72' lang='grc' dir='ltr'><strong><em>ι</em></strong></span> <span class='ocrx_word' id='word_1_267' title='bbox 427 4367 448 4402; x_wconf 79' lang='grc' dir='ltr'><strong><em>ι</em></strong></span> <span class='ocrx_word' id='word_1_268' title='bbox 485 4392 500 4408; x_wconf 92' lang='grc'><strong>.</strong></span> <span class='ocrx_word' id='word_1_269' title='bbox 531 4366 654 4405; x_wconf 80' lang='lat' dir='ltr'><strong>acer</strong></span> <span class='ocrx_word' id='word_1_270' title='bbox 690 4370 751 4408; x_wconf 74' lang='lat' dir='ltr'><strong>os</strong></span> <span class='ocrx_word' id='word_1_271' title='bbox 776 4358 790 4379; x_wconf 83' lang='lat'>¹</span> <span class='ocrx_word' id='word_1_272' title='bbox 815 4356 838 4408; x_wconf 87' lang='lat'><strong>&#39;.</strong></span> 
     </span>
    </p>
   </div>
  </div>
 </body>
</html>
