3210 5200
1168 428 1173 443 ,
1246 360 1734 430 PRAEFATIO.
2446 384 2576 432 mxv

384 532 582 591 minus
605 527 876 608 triginta.
958 524 1118 586 hanc
1138 546 1429 587 annorum
1454 528 1936 610 supputationem
1958 524 2109 585 mihi
2129 539 2389 607 praestat
2413 540 2574 590 tem·-

384 653 499 712 pus
530 651 647 712 quo
677 630 863 689 hosce
894 629 1078 688 libros
1109 627 1284 688 edere
1307 635 1531 709 potuit,
1578 643 1637 690 et
1662 643 1900 708 tempus
1939 649 2054 709 quo
2085 633 2286 710 scripti
2318 654 2445 691 esse
2474 636 2569 693 vi-

389 734 603 793 dentur
642 733 780 791 libri
820 729 896 790 de
937 731 1216 790 laudibus
1257 726 1490 790 Instini.
1578 732 1753 790 bellis
1796 732 1959 787 enim
1997 732 2237 810 Libycis
2275 713 2568 797 Iohamies

382 837 675 895 Patricius
702 836 885 892 finem
909 836 1223 913 imposuit,
1273 834 1375 914 qui
1403 844 1634 891 creatus
1663 844 1751 891 est
1777 833 2040 890 militmn
2063 835 2126 890 in
2151 836 2352 894 Africa
2373 842 2570 916 magi-

386 948 511 996 ster
539 939 668 995 sine
701 938 967 994 consorte
1000 955 1155 994 anno
1191 938 1229 998 8
1268 934 1504 1014 imperii
1534 934 1879 1008 Iustiniani3
1928 954 2044 1014 qua
2079 934 2153 993 de
2189 960 2252 997 re
2287 950 2423 997 ante
2453 939 2568 999 hoc

385 1050 624 1118 tempus
660 1036 826 1097 haud
866 1037 1044 1116 plane
1081 1037 1274 1117 potuit
1320 1036 1495 1095 edere
1533 1036 1823 1116 corippus
1858 1037 2042 1095 libros
2080 1057 2217 1097 suos
2250 1038 2324 1096 de
2353 1040 2569 1099 iisdem

385 1142 560 1199 bellis
592 1139 732 1198 huic
761 1138 1016 1198 Iohanni
1042 1148 1441 1218 nuncupatos3
1486 1158 1683 1219 neque
1714 1149 1803 1197 est
1829 1140 2149 1198 verisimile
2178 1161 2278 1199 eos
2311 1140 2569 1200 edidisse

383 1254 522 1322 post
558 1245 809 1321 longum
845 1254 1102 1322 tempus.
1188 1248 1362 1321 ‘porro
1392 1261 1529 1299 cum
1555 1242 1916 1300 lastinianus
1939 1243 2023 1298 M.
2053 1243 2432 1320 imperaverit
2456 1264 2568 1301 an·-

380 1347 479 1403 :uis
505 1349 619 1420 89,
667 1354 897 1403 constat
934 1343 1182 1424 proinde
1228 1342 1390 1423 quod
1426 1344 1617 1401 multo
1659 1353 1797 1423 post
1839 1342 2040 1422 scripti
2070 1344 2290 1402 fuerint
2316 1346 2455 1402 libri
2490 1345 2565 1404 de

379 1445 659 1505 laudibus
704 1447 917 1504 Iustini
956 1447 1245 1525 Augusti3
1290 1447 1618 1525 quinetiam
1659 1446 1837 1522 plane
1883 1445 2074 1525 liquet
2102 1444 2349 1525 scriptos
2379 1448 2564 1506 fuisse

384 1546 618 1607 duobus
660 1549 877 1606 saltem
914 1550 1083 1607 annis
1125 1558 1445 1627 postquam
1481 1547 1741 1605 Iustinus
1787 1543 2138 1625 imperabat.
2226 1567 2363 1606 cum
2403 1552 2564 1607 enim

386 1650 681 1727 Corippus
708 1649 753 1707 l.
792 1654 822 1712 1
860 1660 918 1708 et
947 1651 990 1708 l.
1022 1648 1062 1713 4
1095 1649 1489 1708 Iustinianum
1523 1649 1589 1706 in
1632 1659 1899 1707 extremo
1931 1649 2088 1707 vitae
2121 1649 2564 1729 praedicentem

383 1749 661 1825 inducat,
702 1752 965 1809 futurum
1005 1752 1135 1810 fore
1175 1762 1244 1808 ut
1287 1752 1392 1832 qui
1437 1751 1495 1809 ei
1526 1772 1740 1809 nocere
1770 1749 2040 1809 meditati
2069 1752 2305 1811 fuerant
2336 1757 2561 1813 Iustino

384 1854 564 1911 etiam
606 1852 851 1912 insidias
892 1854 1273 1927 molirentur,
1316 1863 1384 1911 ut
1430 1854 1658 1912 meritis
1701 1857 1910 1933 poenis
1952 1852 2030 1911 ad
2071 1851 2323 1911 aliorum
2351 1876 2563 1913 exem-

377 1955 552 2034 plum
575 1957 997 2029 multarentur,
1040 1954 1355 2033 fingendae
1383 1952 1561 2013 huius
1584 1955 1826 2013 fabulae
1856 1956 2223 2014 occasionem
2251 1977 2328 2014 ex
2352 1979 2422 2015 eo
2451 1979 2561 2015 au-

381 2068 665 2135 cupatum
703 2077 834 2116 esse
873 2057 1049 2116 facile
1097 2069 1187 2116 est
1221 2058 1590 2136 intelligere,
1639 2058 1800 2138 quod
1826 2062 2036 2117 Iustini
2059 2059 2226 2118 iussu
2257 2080 2412 2118 anno
2440 2063 2560 2119 im-

379 2164 529 2239 perii
571 2163 695 2219 eius
740 2159 1034 2235 secund0‚
1081 2158 1177 2219 die
1214 2158 1389 2219 tertia
1425 2161 1722 2235 Octobris,
1773 2162 2011 2241 capitali
2039 2162 2328 2240 supplicio
2364 2162 2558 2221 affecti

378 2263 619 2333 fuerunt
646 2262 817 2343 Cpoli
843 2259 1161 2320 Aetherius
1188 2274 1247 2320 et
1275 2260 1556 2320 Addaeus
1584 2283 1840 2340 magnae
1878 2260 2238 2321 auctoritatis
2270 2264 2431 2342 apud
2455 2269 2557 2323 Iu·

380 2367 706 2425 stinianum
746 2365 978 2446 patricii
998 2409 1014 2438 ,
1059 2384 1208 2444 quos
1248 2365 1514 2443 plurium
1538 2363 1856 2421 criminum
1884 2380 1951 2420 ac
1977 2367 2291 2443 praecipue
2321 2367 2558 2445 conspi-

380 2468 625 2525 rationis
658 2470 727 2525 in
768 2469 969 2545 ipsum
997 2469 1290 2525 Iustinum
1325 2477 1485 2525 actos
1515 2466 1701 2524 fuisse
1732 2484 1862 2522 reos
1885 2477 2129 2522 narrant
2161 2485 2368 2525 omnes
2392 2469 2556 2525 illius

378 2570 668 2649 temporis
696 2567 974 2628 historici.
1063 2567 1409 2626 Eustathius
1437 2587 1612 2641 vero,
1653 2585 1760 2625 seu
1786 2569 1976 2624 mavis
2005 2569 2367 2643 Eustratius,
2412 2572 2559 2627 scria-

378 2681 519 2750 ptor
559 2691 833 2745 coaevus,
894 2674 958 2728 in
1001 2672 1123 2729 vita
1166 2672 1232 2730 S.
1279 2667 1560 2748 Eutychii
1603 2665 1974 2748 patriarchae
2026 2669 2320 2747 cpolitani
2384 2671 2560 2751 (vide

373 2776 528 2832 Acta
556 2772 666 2831 SS.
701 2771 779 2830 ad
808 2772 971 2831 diem
994 2779 1036 2838 2
1058 2771 1320 2854 Aprilis)
1362 2774 1589 2831 factum
1627 2769 1745 2830 hoc
1783 2792 1911 2831 esse
1957 2769 2157 2830 adiicit
2202 2773 2428 2830 ultione
2462 2772 2555 2831 di·-

373 2878 548 2950 vina,
593 2875 755 2956 quod
800 2895 1005 2934 eorum
1044 2878 1421 2954 potissimum
1453 2877 1698 2934 consilio
1732 2879 1788 2932 et
1818 2890 1993 2954 opera
2023 2895 2055 2932 e
2081 2874 2221 2933 sede
2248 2877 2556 2955 Cpolitana

375 2977 650 3038 denusus
692 2980 765 3037 ab
815 2980 965 3057 imp.
1001 2975 1327 3036 Iustiniano
1366 2978 1561 3034 fuerat
1602 2976 1666 3034 S.
1705 2975 2034 3055 Eutychius
2075 2988 2134 3034 et
2176 2975 2242 3035 iu
2277 2981 2555 3038 exsilium

372 3086 629 3157 missus,
675 3085 762 3157 ei,
808 3082 976 3139 nullo
1000 3083 1177 3160 plane
1208 3080 1369 3154 iure,
1414 3078 1660 3138 suffecto
1690 3078 1957 3138 Iohanne
1981 3077 2371 3141 Scholastico.
2437 3085 2553 3141 Co-

373 3186 585 3262 rippus
644 3203 883 3264 quoque
931 3186 1223 3242 ultionem
1274 3182 1540 3242 divinam
1580 3201 1760 3260 super
1795 3202 1896 3240 eos
1938 3183 2156 3239 factam
2198 3203 2326 3240 esse
2363 3184 2553 3260 fingit,

373 3289 518 3367 quia
542 3288 657 3364 ipsi
681 3289 1007 3344 Iustiniauo
1034 3307 1245 3345 nocere
1272 3283 1596 3359 voluerint,
1639 3303 1834 3363 neque
1864 3285 2122 3361 explicat
2151 3304 2268 3364 qua
2296 3288 2551 3343 ratione:

372 3399 438 3446 at
466 3392 600 3468 quis
626 3392 882 3468 principi
909 3400 1083 3447 nocet
1106 3392 1302 3467 magis
1330 3408 1511 3470 qnam
1535 3387 1728 3444 malus
1755 3385 2149 3460 consiliariuS,
2199 3397 2256 3442 et
2283 3389 2386 3466 qui
2412 3408 2552 3465 per-

372 3509 551 3548 versa
588 3493 827 3549 consilia
858 3511 978 3549 non
1016 3490 1196 3550 modo
1230 3490 1517 3568 suggerit,
1565 3485 1673 3546 sed
1703 3507 1944 3564 operam
1978 3489 2156 3543 etiam
2198 3499 2456 3565 praestat
2489 3501 2552 3545 ut

372 3593 718 3650 executioni
769 3592 1168 3652 mandentur?
1272 3586 1576 3672 praeterea
1629 3607 1766 3647 cum
1813 3590 1856 3644 1.
1893 3587 1968 3661 4,
2026 3606 2205 3666 quem
2248 3589 2551 3668 aliquanto

370 3704 515 3774 post
557 3695 702 3752 alios
744 3706 863 3754 tres
903 3696 1091 3755 editos
1122 3717 1250 3755 esse
1284 3693 1533 3753 suadent
1563 3711 1769 3750 versus
1803 3687 2017 3769 quibus
2049 3692 2254 3748 tertius
2285 3694 2549 3770 explicit,

372 3798 596 3875 palatia
624 3794 927 3875 Sopbiaua
960 3799 1246 3877 Corippus
1281 3805 1732 3867 commemoret,
1777 3791 1918 3850 hinc
1955 3791 2136 3850 etiam
2168 3791 2552 3851 manifestum

370 3897 442 3954 fit
468 3896 576 3955 hos
598 3897 781 3956 libros
807 3918 927 3955 nou
956 3897 1211 3956 edidisse
1241 3904 1440 3958 statim
1469 3919 1536 3956 ac
1565 3895 1826 3958 Iustinus
1849 3893 1927 3952 ad
1954 3896 2272 3971 imperium
2313 3906 2550 3953 evectus

367 3999 526 4070 fuit,
569 4018 704 4056 cum
745 3997 893 4057 haec
936 4002 1155 4078 palatia
1187 4000 1479 4059 condendi
1510 4011 1688 4080 atque
1719 3995 1867 4054 adeo
1900 3995 2222 4054 renovandi
2254 3999 2550 4077 ampliand-

367 4098 561 4179 dique
600 4112 657 4158 et
698 4101 1027 4160 exornandi
1072 4093 1451 4161 occasionem‘
1469 4110 1700 4161 enarret
1727 4091 2130 4177 Theophanes
2167 4097 2244 4156 ad
2273 4117 2327 4155 a.
2363 4097 2403 4159 4
2431 4100 2550 4153 im-

358 4201 535 4283 perii
574 4201 837 4261 eiusdem
881 4206 1113 4263 Iustini.
1198 4203 1314 4261 hue
1352 4223 1520 4261 meae
1549 4206 1920 4262 coniecturae
1942 4201 2219 4260 videntur
2240 4196 2391 4255 mihi
2424 4212 2552 4253 esse

359 4303 916 4384 probabilissimae,
985 4317 1045 4365 et
1103 4308 1372 4365 fortassis
1426 4307 1913 4364 luculentioribus
1966 4307 2146 4362 etiam
2190 4302 2553 4377 argumentis

464 4413 665 4467 Mer-ob.
709 4422 761 4468 et
805 4414 925 4468 Cor.
2106 4405 2146 4467 5
