3210 5200
982 419 1511 491 IOHANNIDOS
1560 423 1721 495 LIB.
1771 425 1892 496 lv.

334 582 464 649 870
504 582 699 642 noluit
730 593 869 643 ante
902 584 1079 662 viris,
1123 597 1256 648 astu
1284 586 1396 649 sed
1424 592 1654 670 proelia
1682 601 1919 652 tentans

498 686 728 743 auxilio
761 697 1048 747 venturus
1078 699 1227 750 erat.
1310 701 1455 750 tunc
1482 691 1667 753 caede
1690 694 1999 754 tribunum

502 807 623 844 non
657 788 794 846 tulit
820 787 1149 862 ardentem.
1234 793 1460 851 Mauris
1488 813 1829 853 succurrere
1855 796 2031 855 fessis

500 890 779 965 incaluit,
823 910 1177 973 sparsasque
1203 895 1363 953 acies
1389 893 1466 953 de
1490 896 1643 954 colle
1671 897 1905 974 petivit.

444 1019 455 1032 ÷
501 1011 644 1070 ergo
671 994 828 1050 inter
860 996 1092 1052 socium
1120 993 1408 1074 dirumpit
1431 998 1668 1055 saevior
1691 1016 1912 1076 agmen

330 1091 456 1159 875
497 1094 975 1176 martianumque
1002 1106 1210 1176 petens
1235 1106 1463 1156 turmas
1489 1117 1601 1176 per
1626 1110 1793 1177 prata
1820 1112 2192 1181 sequentem,

501 1205 566 1253 ut
594 1194 692 1254 leo
720 1207 1049 1256 venantum
1074 1217 1294 1277 magno
1325 1198 1583 1258 clamore
1615 1212 1851 1260 coactus

497 1297 800 1357 montibus
827 1302 891 1356 in
916 1298 1166 1376 mediis,
1209 1301 1467 1360 stiinulis
1503 1312 1563 1360 et
1589 1302 1838 1362 verbere
1872 1302 2097 1364 caudae

498 1418 707 1479 aspera
737 1410 905 1479 terga
936 1404 1096 1461 ciens
1126 1402 1191 1460 in
1219 1404 1447 1483 proelia
1476 1405 1722 1463 suscitat
1743 1406 1882 1480 iras,

494 1522 597 1561 ore
630 1501 924 1578 fremens,
967 1504 1312 1587 frangitque
1340 1507 1500 1564 viros
1528 1509 1745 1565 virtute
1769 1518 2066 1587 potentes.

329 1608 454 1672 880
496 1602 877 1682 congreditur
900 1605 1030 1663 viso
1060 1625 1174 1666 nec
1204 1609 1440 1667 territus
1466 1606 1641 1668 hoste
1667 1608 1940 1667 tribunus

496 1707 698 1780 irruit,
739 1706 1097 1786 infensaque
1124 1710 1320 1767 virum
1347 1730 1633 1770 mucrone
1656 1710 1930 1789 petebat:

494 1819 631 1867 ante
662 1804 771 1867 sed
799 1810 1135 1887 oppositam
1159 1814 1431 1871 transivit
1457 1814 1667 1871 lancea
1691 1831 1984 1890 parmam,

494 1914 678 1993 inque
705 1912 819 1968 viri
848 1912 1024 1970 costis
1049 1912 1171 1971 lato
1200 1916 1364 1973 stetit
1391 1915 1665 1994 improba
1690 1914 1871 1972 ferro.

576 2015 851 2074 Nascitur
878 2011 1018 2072 inde
1051 2015 1287 2094 fragor:
1329 2018 1563 2095 magnis
1585 2026 1868 2075 montana
1895 2019 2186 2080 resultant

324 2115 451 2186 885
491 2117 766 2192 vocibus,
811 2127 871 2174 et
895 2116 1081 2176 fracto
1110 2117 1402 2177 crudescit
1426 2139 1629 2199 pugna
1650 2119 1932 2179 tumultu.

489 2220 744 2280 Antalae
773 2220 962 2278 virtus
989 2222 1282 2278 venientis
1307 2223 1552 2279 suscitat
1572 2222 1692 2280 iras

490 2340 780 2402 spemque
811 2317 978 2378 dedit
1000 2322 1193 2379 victis.
1277 2323 1497 2381 iterum
1526 2342 1872 2383 concurrere
1901 2334 2163 2385 certantt

491 2426 732 2505 agmina
765 2422 1090 2481 densantur
1116 2422 1336 2498 contis,
1380 2425 1658 2503 aciesque
1686 2435 2004 2487 novantur.

489 2530 619 2610 ipse
646 2535 712 2584 ut
741 2527 1003 2584 collectis
1034 2525 1292 2583 firmavit
1323 2525 1537 2584 robora
1564 2526 1800 2600 turmis,

318 2638 445 2704 890
485 2652 595 2713 per
616 2626 849 2689 medios
878 2647 1050 2686 enses
1076 2630 1353 2708 quatiens
1380 2629 1705 2687 acerrimus
1733 2625 1972 2686 hastam

488 2734 692 2806 irruit,
736 2741 795 2789 et
825 2728 1041 2788 densos
1070 2730 1330 2789 volitans
1355 2730 1654 2810 perfertur
1677 2731 1741 2787 in
1770 2725 1996 2790 hostes.

572 2835 796 2895 Obvius
830 2831 1065 2891 ardenti
1091 2834 1319 2911 primus
1346 2852 1478 2891 sese
1503 2832 1720 2890 obtulit
1752 2833 1966 2909 OrnuS,

483 2939 777 2999 Romulea
802 2955 922 2994 non
953 2948 1131 3014 gente
1159 2946 1352 3010 satus,
1398 2953 1580 3015 quem
1603 2935 1842 2993 Persica
1865 2945 2057 2993 mater

486 3039 675 3101 edidit
706 3037 784 3097 ad
810 3039 1040 3096 bellum
1056 3081 1073 3113 ‚
1115 3041 1314 3117 rapuit
1336 3049 1539 3096 tamen
1561 3037 1764 3095 Africa
1789 3039 1966 3096 matri

313 3143 443 3211 895
486 3143 738 3202 Antalae
767 3151 1086 3221 superante
1109 3156 1325 3197 manu:
1368 3159 1632 3218 namque
1658 3139 1910 3216 arduus,
1954 3139 2188 3199 hastam

485 3246 711 3306 viribus
737 3247 1086 3324 intorquens
1105 3286 1121 3317 ,
1169 3243 1430 3319 clipeum
1457 3242 1758 3300 transfixit
1788 3252 1849 3301 et
1874 3241 2132 3303 hostem.

483 3349 751 3427 protinus
778 3328 1030 3421 infesti,
1082 3345 1224 3402 fatis
1256 3343 1491 3401 oblatus
1519 3344 1766 3422 iniquis,

483 3449 719 3508 Arsacis
753 3450 1038 3523 occurrit,
1091 3443 1273 3505 crudo
1308 3463 1491 3526 quem
1519 3442 1790 3503 fervidus
1822 3466 1964 3505 ense

484 3552 729 3609 Antalas
759 3548 1030 3628 medium
1058 3557 1320 3624 truncat,
1368 3567 1485 3629 qua
1515 3549 1775 3625 cingitur
1797 3566 2021 3622 arcum,

305 3658 442 3722 900
483 3664 739 3734 extaque
768 3674 876 3733 per
904 3654 1175 3733 geminas
1208 3652 1396 3729 secuit
1419 3651 1704 3729 spirantia
1731 3658 1950 3728 partes.

479 3753 623 3814 inde
648 3757 787 3813 ferit
813 3754 1103 3835 pavidum
1130 3774 1413 3814 conversa
1440 3751 1686 3834 cuspide
1709 3751 1993 3825 Maleum,

481 3860 932 3938 Artemiumque
964 3857 1168 3915 furens
1202 3867 1261 3915 et
1291 3855 1438 3915 duro
1468 3856 1713 3915 nomine
1746 3855 2025 3911 Maurum

484 3959 869 4039 transadigit,
912 3962 1191 4039 socioque
1228 3962 1449 4019 infixus
1484 3959 1686 4018 deiicit
1712 3960 1920 4014 ictum.

447 4128 465 4142 ο
563 4061 791 4122 Zudius
821 4064 1060 4120 eximiis
1087 4063 1266 4141 longe
1292 4061 1731 4142 praesumptior
1756 4060 1936 4117 armis

2434 425 2534 502 91

300 4248 417 4301 870
446 4245 606 4299 voluit
639 4254 756 4300 arte
791 4248 935 4316 apud
969 4248 1032 4302 M
1232 4247 1329 4301 881
1366 4244 1560 4299 insesso
1597 4262 1664 4297 ue
1692 4245 1743 4297 Τ
1940 4242 2045 4299 883
2080 4238 2270 4292 constis
2308 4236 2412 4320 leto
2454 4238 2504 4292 ‘t’

296 4319 412 4371 888
446 4315 642 4369 cunctis
684 4316 1004 4389 '1'‚·campia
1040 4316 1103 4368 Μ
1325 4316 1428 4371 893
1474 4264 1604 4381 nonq]
1651 4313 1716 4365 de
1755 4312 1818 4365 M
2040 4312 2166 4365 ibid.
2217 4307 2413 4379 perlida
2455 4309 2507 4361 Τ

289 4385 408 4441 896
441 4393 497 4439 ct.
517 4385 603 4453 M,
637 4385 689 4439 in
717 4387 768 4439 Τ
968 4387 1070 4440 899
1103 4385 1334 4439 arcnsM
1532 4383 1636 4437 903
1668 4382 1821 4436 deicit
1848 4382 1908 4437 Τ.
