<?xml version="1.0" encoding="UTF-8"?>
<!DOCTYPE html PUBLIC "-//W3C//DTD XHTML 1.0 Transitional//EN"
    "http://www.w3.org/TR/xhtml1/DTD/xhtml1-transitional.dtd">
<html xmlns="http://www.w3.org/1999/xhtml" xml:lang="en" lang="en">
 <head>
  <title>
</title>
<meta http-equiv="Content-Type" content="text/html;charset=utf-8" />
  <meta name='ocr-system' content='tesseract 3.04.00' />
  <meta name='ocr-capabilities' content='ocr_page ocr_carea ocr_par ocr_line ocrx_word'/>
</head>
<body>
  <div class='ocr_page' id='page_1' title='image "./carminumpanegyr00niebgoog_0185.png"; bbox 0 0 3210 5200; ppageno 0'>
   <div class='ocr_carea' id='block_1_1' title="bbox 1077 415 1950 489">
    <p class='ocr_par' dir='ltr' id='par_1_1' title="bbox 1077 415 1950 489">
     <span class='ocr_line' id='line_1_1' title="bbox 1077 415 1950 489; baseline 0.003 -3"><span class='ocrx_word' id='word_1_1' title='bbox 1077 415 1607 489; x_wconf 77' lang='lat' dir='ltr'>IOHANNIDOS</span> <span class='ocrx_word' id='word_1_2' title='bbox 1655 419 1815 487; x_wconf 76' lang='grc' dir='ltr'><strong>ΠΒ.</strong></span> <span class='ocrx_word' id='word_1_3' title='bbox 1860 422 1950 489; x_wconf 85' lang='lat' dir='ltr'><strong>V.</strong></span> 
     </span>
    </p>
   </div>
   <div class='ocr_carea' id='block_1_2' title="bbox 417 582 2191 3532">
    <p class='ocr_par' dir='ltr' id='par_1_2' title="bbox 547 582 1932 665">
     <span class='ocr_line' id='line_1_2' title="bbox 547 582 1932 665; baseline 0 -19"><span class='ocrx_word' id='word_1_4' title='bbox 547 595 612 646; x_wconf 86' lang='lat' dir='ltr'><strong>et</strong></span> <span class='ocrx_word' id='word_1_5' title='bbox 633 583 868 644; x_wconf 80' lang='lat' dir='ltr'><strong>munite</strong></span> <span class='ocrx_word' id='word_1_6' title='bbox 893 583 1093 645; x_wconf 76' lang='lat' dir='ltr'><strong>locos:</strong></span> <span class='ocrx_word' id='word_1_7' title='bbox 1140 585 1329 646; x_wconf 77' lang='lat' dir='ltr'><strong>celsos</strong></span> <span class='ocrx_word' id='word_1_8' title='bbox 1359 582 1646 665; x_wconf 81' lang='lat' dir='ltr'><strong>indagine</strong></span> <span class='ocrx_word' id='word_1_9' title='bbox 1675 597 1932 662; x_wconf 85' lang='lat' dir='ltr'><strong>montes,</strong></span> 
     </span>
    </p>

    <p class='ocr_par' dir='ltr' id='par_1_3' title="bbox 538 689 2191 973">
     <span class='ocr_line' id='line_1_3' title="bbox 545 689 2191 765; baseline -0.001 -15"><span class='ocrx_word' id='word_1_10' title='bbox 545 692 767 764; x_wconf 81' lang='lat' dir='ltr'><strong>Antra,</strong></span> <span class='ocrx_word' id='word_1_11' title='bbox 811 706 1028 746; x_wconf 83' lang='lat' dir='ltr'><strong>nemus</strong></span> <span class='ocrx_word' id='word_1_12' title='bbox 1044 731 1062 763; x_wconf 90' lang='lat'>,</span> <span class='ocrx_word' id='word_1_13' title='bbox 1106 689 1349 763; x_wconf 75' lang='lat' dir='ltr'><strong>fluvios,</strong></span> <span class='ocrx_word' id='word_1_14' title='bbox 1392 690 1680 747; x_wconf 77' lang='lat' dir='ltr'><strong>silvarum</strong></span> <span class='ocrx_word' id='word_1_15' title='bbox 1706 691 1848 748; x_wconf 84' lang='lat' dir='ltr'><strong>laxa</strong></span> <span class='ocrx_word' id='word_1_16' title='bbox 1865 735 1882 765; x_wconf 89' lang='lat'>,</span> <span class='ocrx_word' id='word_1_17' title='bbox 1935 690 2191 749; x_wconf 81' lang='lat' dir='ltr'><strong>latebras</strong></span> 
     </span>
     <span class='ocr_line' id='line_1_4' title="bbox 538 789 1996 870; baseline 0.001 -19"><span class='ocrx_word' id='word_1_18' title='bbox 538 793 770 870; x_wconf 77' lang='lat' dir='ltr'><strong>cingite</strong></span> <span class='ocrx_word' id='word_1_19' title='bbox 786 834 803 865; x_wconf 91' lang='lat'>‚</span> <span class='ocrx_word' id='word_1_20' title='bbox 841 799 905 848; x_wconf 88' lang='lat' dir='ltr'><strong>et</strong></span> <span class='ocrx_word' id='word_1_21' title='bbox 929 791 1202 849; x_wconf 84' lang='lat' dir='ltr'><strong>obsessas</strong></span> <span class='ocrx_word' id='word_1_22' title='bbox 1228 791 1386 848; x_wconf 87' lang='lat' dir='ltr'><strong>cauti</strong></span> <span class='ocrx_word' id='word_1_23' title='bbox 1412 789 1749 849; x_wconf 82' lang='lat' dir='ltr'><strong>concludite</strong></span> <span class='ocrx_word' id='word_1_24' title='bbox 1771 792 1996 852; x_wconf 83' lang='lat' dir='ltr'><strong>fauces.</strong></span> 
     </span>
     <span class='ocr_line' id='line_1_5' title="bbox 546 888 2054 973; baseline 0 -21"><span class='ocrx_word' id='word_1_25' title='bbox 546 907 815 973; x_wconf 88' lang='lat' dir='ltr'><strong>tempore</strong></span> <span class='ocrx_word' id='word_1_26' title='bbox 841 892 952 951; x_wconf 83' lang='lat' dir='ltr'><strong>sub</strong></span> <span class='ocrx_word' id='word_1_27' title='bbox 985 888 1220 949; x_wconf 89' lang='lat' dir='ltr'><strong>modico</strong></span> <span class='ocrx_word' id='word_1_28' title='bbox 1243 893 1435 970; x_wconf 87' lang='lat' dir='ltr'><strong>periet</strong></span> <span class='ocrx_word' id='word_1_29' title='bbox 1462 911 1614 970; x_wconf 84' lang='lat' dir='ltr'><strong>gens</strong></span> <span class='ocrx_word' id='word_1_30' title='bbox 1635 895 1822 972; x_wconf 85' lang='lat' dir='ltr'><strong>impia</strong></span> <span class='ocrx_word' id='word_1_31' title='bbox 1846 897 2054 952; x_wconf 84' lang='lat' dir='ltr'><strong>Maura</strong></span> 
     </span>
    </p>

    <p class='ocr_par' dir='ltr' id='par_1_4' title="bbox 417 993 2132 1484">
     <span class='ocr_line' id='line_1_6' title="bbox 417 993 2132 1074; baseline 0.001 -20"><span class='ocrx_word' id='word_1_32' title='bbox 417 997 504 1064; x_wconf 72' lang='grc'><strong>45</strong></span> <span class='ocrx_word' id='word_1_33' title='bbox 547 995 899 1074; x_wconf 81' lang='lat' dir='ltr'><strong>deficietque</strong></span> <span class='ocrx_word' id='word_1_34' title='bbox 925 993 1109 1053; x_wconf 79' lang='lat' dir='ltr'><strong>fame.</strong></span> <span class='ocrx_word' id='word_1_35' title='bbox 1193 1004 1298 1051; x_wconf 88' lang='lat' dir='ltr'><strong>aut</strong></span> <span class='ocrx_word' id='word_1_36' title='bbox 1320 996 1539 1053; x_wconf 79' lang='lat' dir='ltr'><strong>nostris</strong></span> <span class='ocrx_word' id='word_1_37' title='bbox 1567 1014 1634 1054; x_wconf 83' lang='lat' dir='ltr'><strong>se</strong></span> <span class='ocrx_word' id='word_1_38' title='bbox 1657 997 1926 1073; x_wconf 79' lang='lat' dir='ltr'><strong>protinus</strong></span> <span class='ocrx_word' id='word_1_39' title='bbox 1951 998 2132 1055; x_wconf 78' lang='lat' dir='ltr'><strong>annis</strong></span> 
     </span>
     <span class='ocr_line' id='line_1_7' title="bbox 546 1098 1921 1176; baseline 0 -18"><span class='ocrx_word' id='word_1_40' title='bbox 546 1100 819 1159; x_wconf 84' lang='lat' dir='ltr'><strong>subiiciet</strong></span> <span class='ocrx_word' id='word_1_41' title='bbox 843 1113 1176 1175; x_wconf 80' lang='lat' dir='ltr'><strong>pacemque</strong></span> <span class='ocrx_word' id='word_1_42' title='bbox 1202 1106 1398 1173; x_wconf 84' lang='lat' dir='ltr'><strong>petet,</strong></span> <span class='ocrx_word' id='word_1_43' title='bbox 1441 1098 1494 1154; x_wconf 78' lang='lat' dir='ltr'><strong>si</strong></span> <span class='ocrx_word' id='word_1_44' title='bbox 1520 1098 1713 1155; x_wconf 86' lang='lat' dir='ltr'><strong>milite</strong></span> <span class='ocrx_word' id='word_1_45' title='bbox 1746 1099 1921 1176; x_wconf 88' lang='lat' dir='ltr'><strong>pulso</strong></span> 
     </span>
     <span class='ocr_line' id='line_1_8' title="bbox 546 1199 2065 1276; baseline -0.003 -15"><span class='ocrx_word' id='word_1_46' title='bbox 546 1220 672 1261; x_wconf 83' lang='lat' dir='ltr'><strong>nou</strong></span> <span class='ocrx_word' id='word_1_47' title='bbox 698 1201 893 1257; x_wconf 82' lang='lat' dir='ltr'><strong>valeat</strong></span> <span class='ocrx_word' id='word_1_48' title='bbox 924 1199 1212 1276; x_wconf 76' lang='lat' dir='ltr'><strong>populare</strong></span> <span class='ocrx_word' id='word_1_49' title='bbox 1241 1213 1439 1272; x_wconf 77' lang='lat' dir='ltr'><strong>casas3</strong></span> <span class='ocrx_word' id='word_1_50' title='bbox 1486 1209 1589 1256; x_wconf 85' lang='lat' dir='ltr'><strong>aut</strong></span> <span class='ocrx_word' id='word_1_51' title='bbox 1614 1200 1826 1258; x_wconf 84' lang='lat' dir='ltr'><strong>ultima</strong></span> <span class='ocrx_word' id='word_1_52' title='bbox 1855 1199 2065 1259; x_wconf 85' lang='lat' dir='ltr'><strong>mundi</strong></span> 
     </span>
     <span class='ocr_line' id='line_1_9' title="bbox 546 1299 2009 1383; baseline 0 -21"><span class='ocrx_word' id='word_1_53' title='bbox 546 1311 790 1383; x_wconf 85' lang='lat' dir='ltr'><strong>appetet</strong></span> <span class='ocrx_word' id='word_1_54' title='bbox 814 1317 953 1357; x_wconf 81' lang='lat' dir='ltr'><strong>arva</strong></span> <span class='ocrx_word' id='word_1_55' title='bbox 980 1300 1172 1379; x_wconf 85' lang='lat' dir='ltr'><strong>fugax</strong></span> <span class='ocrx_word' id='word_1_56' title='bbox 1188 1341 1205 1374; x_wconf 90' lang='lat'>,</span> <span class='ocrx_word' id='word_1_57' title='bbox 1251 1310 1312 1359; x_wconf 88' lang='lat' dir='ltr'><strong>et</strong></span> <span class='ocrx_word' id='word_1_58' title='bbox 1331 1311 1564 1361; x_wconf 84' lang='lat' dir='ltr'><strong>nostras</strong></span> <span class='ocrx_word' id='word_1_59' title='bbox 1593 1299 1827 1361; x_wconf 82' lang='lat' dir='ltr'><strong>deseret</strong></span> <span class='ocrx_word' id='word_1_60' title='bbox 1851 1321 2009 1362; x_wconf 87' lang='lat' dir='ltr'><strong>oras.</strong></span> 
     </span>
     <span class='ocr_line' id='line_1_10' title="bbox 547 1401 1914 1484; baseline 0 -21"><span class='ocrx_word' id='word_1_61' title='bbox 547 1405 792 1484; x_wconf 83' lang='lat' dir='ltr'><strong>Byzacii</strong></span> <span class='ocrx_word' id='word_1_62' title='bbox 817 1403 1073 1483; x_wconf 87' lang='lat' dir='ltr'><strong>geminis</strong></span> <span class='ocrx_word' id='word_1_63' title='bbox 1102 1401 1351 1462; x_wconf 86' lang='lat' dir='ltr'><strong>ducibus</strong></span> <span class='ocrx_word' id='word_1_64' title='bbox 1377 1405 1456 1462; x_wconf 84' lang='lat' dir='ltr'><strong>sit</strong></span> <span class='ocrx_word' id='word_1_65' title='bbox 1476 1406 1747 1461; x_wconf 87' lang='lat' dir='ltr'><strong>maxima</strong></span> <span class='ocrx_word' id='word_1_66' title='bbox 1774 1424 1914 1463; x_wconf 82' lang='lat' dir='ltr'><strong>cura</strong></span> 
     </span>
    </p>

    <p class='ocr_par' dir='ltr' id='par_1_5' title="bbox 422 1506 2043 1788">
     <span class='ocr_line' id='line_1_11' title="bbox 422 1506 1738 1586; baseline -0.001 -22"><span class='ocrx_word' id='word_1_67' title='bbox 422 1507 509 1573; x_wconf 80' lang='grc'><strong>60</strong></span> <span class='ocrx_word' id='word_1_68' title='bbox 545 1506 838 1584; x_wconf 81' lang='lat' dir='ltr'><strong>Massylas</strong></span> <span class='ocrx_word' id='word_1_69' title='bbox 865 1506 1025 1563; x_wconf 86' lang='lat' dir='ltr'><strong>acies</strong></span> <span class='ocrx_word' id='word_1_70' title='bbox 1052 1508 1181 1563; x_wconf 85' lang='lat' dir='ltr'><strong>acie</strong></span> <span class='ocrx_word' id='word_1_71' title='bbox 1208 1506 1738 1586; x_wconf 73' lang='lat' dir='ltr'><strong>turbare‹sequaci,</strong></span> 
     </span>
     <span class='ocr_line' id='line_1_12' title="bbox 546 1605 1897 1687; baseline -0.001 -19"><span class='ocrx_word' id='word_1_72' title='bbox 546 1608 816 1668; x_wconf 68' lang='lat' dir='ltr'><strong>sollicitis</strong></span> <span class='ocrx_word' id='word_1_73' title='bbox 847 1609 1044 1666; x_wconf 87' lang='lat' dir='ltr'><strong>tristes</strong></span> <span class='ocrx_word' id='word_1_74' title='bbox 1073 1605 1288 1685; x_wconf 86' lang='lat' dir='ltr'><strong>gladiis</strong></span> <span class='ocrx_word' id='word_1_75' title='bbox 1311 1626 1521 1686; x_wconf 85' lang='lat' dir='ltr'><strong>urgere</strong></span> <span class='ocrx_word' id='word_1_76' title='bbox 1545 1607 1897 1687; x_wconf 82' lang='lat' dir='ltr'><strong>phalanges,</strong></span> 
     </span>
     <span class='ocr_line' id='line_1_13' title="bbox 547 1705 2043 1788; baseline 0.002 -21"><span class='ocrx_word' id='word_1_77' title='bbox 547 1720 609 1767; x_wconf 86' lang='lat' dir='ltr'><strong>et</strong></span> <span class='ocrx_word' id='word_1_78' title='bbox 634 1711 844 1788; x_wconf 83' lang='lat' dir='ltr'><strong>procul</strong></span> <span class='ocrx_word' id='word_1_79' title='bbox 876 1728 911 1766; x_wconf 90' lang='lat' dir='ltr'><strong>a</strong></span> <span class='ocrx_word' id='word_1_80' title='bbox 938 1711 1155 1767; x_wconf 86' lang='lat' dir='ltr'><strong>nostris</strong></span> <span class='ocrx_word' id='word_1_81' title='bbox 1186 1710 1492 1787; x_wconf 85' lang='lat' dir='ltr'><strong>expellere</strong></span> <span class='ocrx_word' id='word_1_82' title='bbox 1522 1711 1748 1768; x_wconf 80' lang='lat' dir='ltr'><strong>finibus.</strong></span> <span class='ocrx_word' id='word_1_83' title='bbox 1773 1705 2043 1771; x_wconf 83' lang='lat' dir='ltr'><strong>hostes.”</strong></span> 
     </span>
    </p>

    <p class='ocr_par' dir='ltr' id='par_1_6' title="bbox 547 1809 1965 1994">
     <span class='ocr_line' id='line_1_14' title="bbox 630 1809 1965 1891; baseline 0.002 -21"><span class='ocrx_word' id='word_1_84' title='bbox 630 1814 914 1888; x_wconf 77' lang='lat' dir='ltr'><strong>Dixerat,</strong></span> <span class='ocrx_word' id='word_1_85' title='bbox 960 1821 1018 1870; x_wconf 85' lang='lat' dir='ltr'><strong>et</strong></span> <span class='ocrx_word' id='word_1_86' title='bbox 1044 1812 1241 1869; x_wconf 85' lang='lat' dir='ltr'><strong>cuncti</strong></span> <span class='ocrx_word' id='word_1_87' title='bbox 1266 1809 1431 1882; x_wconf 31' lang='lat' dir='ltr'><strong>dictos</strong></span> <span class='ocrx_word' id='word_1_88' title='bbox 1450 1831 1658 1891; x_wconf 88' lang='lat' dir='ltr'><strong>parere</strong></span> <span class='ocrx_word' id='word_1_89' title='bbox 1683 1813 1965 1873; x_wconf 79' lang='lat' dir='ltr'><strong>fatentur.</strong></span> 
     </span>
     <span class='ocr_line' id='line_1_15' title="bbox 547 1893 1897 1994; baseline 0.001 -21"><span class='ocrx_word' id='word_1_90' title='bbox 547 1913 848 1994; x_wconf 76' lang='lat' dir='ltr'><strong>digressus</strong></span> <span class='ocrx_word' id='word_1_91' title='bbox 874 1917 1141 1994; x_wconf 85' lang='lat' dir='ltr'><strong>proprias</strong></span> <span class='ocrx_word' id='word_1_92' title='bbox 1171 1914 1386 1973; x_wconf 84' lang='lat' dir='ltr'><strong>florens</strong></span> <span class='ocrx_word' id='word_1_93' title='bbox 1412 1917 1709 1974; x_wconf 86' lang='lat' dir='ltr'><strong>exercitus</strong></span> <span class='ocrx_word' id='word_1_94' title='bbox 1732 1893 1897 1975; x_wconf 78' lang='lat' dir='ltr'><strong>arces</strong></span> 
     </span>
    </p>

    <p class='ocr_par' dir='ltr' id='par_1_7' title="bbox 425 2015 2087 2506">
     <span class='ocr_line' id='line_1_16' title="bbox 425 2015 2044 2101; baseline 0.002 -26"><span class='ocrx_word' id='word_1_95' title='bbox 425 2015 508 2083; x_wconf 79' lang='grc'><strong>55</strong></span> <span class='ocrx_word' id='word_1_96' title='bbox 547 2016 688 2076; x_wconf 88' lang='lat' dir='ltr'><strong>inde</strong></span> <span class='ocrx_word' id='word_1_97' title='bbox 712 2019 894 2097; x_wconf 82' lang='lat' dir='ltr'><strong>petit:</strong></span> <span class='ocrx_word' id='word_1_98' title='bbox 936 2016 1196 2076; x_wconf 88' lang='lat' dir='ltr'><strong>subeunt</strong></span> <span class='ocrx_word' id='word_1_99' title='bbox 1216 2016 1424 2090; x_wconf 80' lang='lat' dir='ltr'><strong>urbes,</strong></span> <span class='ocrx_word' id='word_1_100' title='bbox 1470 2019 1712 2076; x_wconf 86' lang='lat' dir='ltr'><strong>castella</strong></span> <span class='ocrx_word' id='word_1_101' title='bbox 1742 2020 2044 2101; x_wconf 81' lang='lat' dir='ltr'><strong>locosque.</strong></span> 
     </span>
     <span class='ocr_line' id='line_1_17' title="bbox 548 2118 1878 2196; baseline -0.001 -16"><span class='ocrx_word' id='word_1_102' title='bbox 548 2122 799 2181; x_wconf 83' lang='lat' dir='ltr'><strong>solvitur</strong></span> <span class='ocrx_word' id='word_1_103' title='bbox 822 2138 857 2176; x_wconf 91' lang='lat' dir='ltr'><strong>a</strong></span> <span class='ocrx_word' id='word_1_104' title='bbox 878 2119 1060 2196; x_wconf 88' lang='lat' dir='ltr'><strong>longo</strong></span> <span class='ocrx_word' id='word_1_105' title='bbox 1085 2118 1440 2177; x_wconf 88' lang='lat' dir='ltr'><strong>miserabilis</strong></span> <span class='ocrx_word' id='word_1_106' title='bbox 1465 2120 1667 2177; x_wconf 78' lang='lat' dir='ltr'><strong>Africa</strong></span> <span class='ocrx_word' id='word_1_107' title='bbox 1694 2121 1878 2196; x_wconf 88' lang='lat' dir='ltr'><strong>luctu,</strong></span> 
     </span>
     <span class='ocr_line' id='line_1_18' title="bbox 551 2218 2087 2301; baseline 0.003 -22"><span class='ocrx_word' id='word_1_108' title='bbox 551 2230 614 2280; x_wconf 88' lang='lat' dir='ltr'><strong>et</strong></span> <span class='ocrx_word' id='word_1_109' title='bbox 640 2220 945 2301; x_wconf 87' lang='lat' dir='ltr'><strong>placidum</strong></span> <span class='ocrx_word' id='word_1_110' title='bbox 974 2218 1241 2299; x_wconf 84' lang='lat' dir='ltr'><strong>gaudens</strong></span> <span class='ocrx_word' id='word_1_111' title='bbox 1274 2231 1473 2278; x_wconf 83' lang='lat' dir='ltr'><strong>cantat</strong></span> <span class='ocrx_word' id='word_1_112' title='bbox 1495 2223 1709 2281; x_wconf 80' lang='lat' dir='ltr'><strong>vicisse</strong></span> <span class='ocrx_word' id='word_1_113' title='bbox 1736 2222 2087 2284; x_wconf 84' lang='lat' dir='ltr'><strong>Iohannem.</strong></span> 
     </span>
     <span class='ocr_line' id='line_1_19' title="bbox 548 2322 1969 2403; baseline 0.003 -23"><span class='ocrx_word' id='word_1_114' title='bbox 548 2323 855 2403; x_wconf 77' lang='lat' dir='ltr'><strong>plausibus</strong></span> <span class='ocrx_word' id='word_1_115' title='bbox 887 2322 1141 2382; x_wconf 76' lang='lat' dir='ltr'><strong>assiduis</strong></span> <span class='ocrx_word' id='word_1_116' title='bbox 1170 2323 1322 2380; x_wconf 82' lang='lat' dir='ltr'><strong>felix</strong></span> <span class='ocrx_word' id='word_1_117' title='bbox 1355 2322 1652 2402; x_wconf 82' lang='lat' dir='ltr'><strong>Carthago</strong></span> <span class='ocrx_word' id='word_1_118' title='bbox 1682 2328 1969 2403; x_wconf 84' lang='lat' dir='ltr'><strong>magistro</strong></span> 
     </span>
     <span class='ocr_line' id='line_1_20' title="bbox 552 2426 1971 2506; baseline 0.001 -23"><span class='ocrx_word' id='word_1_119' title='bbox 552 2427 879 2484; x_wconf 72' lang='lat' dir='ltr'><strong>Iustiniana</strong></span> <span class='ocrx_word' id='word_1_120' title='bbox 909 2426 1118 2484; x_wconf 80' lang='lat' dir='ltr'><strong>favens</strong></span> <span class='ocrx_word' id='word_1_121' title='bbox 1146 2427 1403 2504; x_wconf 88' lang='lat' dir='ltr'><strong>geminis</strong></span> <span class='ocrx_word' id='word_1_122' title='bbox 1429 2429 1669 2506; x_wconf 79' lang='lat' dir='ltr'><strong>excepit</strong></span> <span class='ocrx_word' id='word_1_123' title='bbox 1694 2429 1759 2484; x_wconf 86' lang='lat' dir='ltr'><strong>in</strong></span> <span class='ocrx_word' id='word_1_124' title='bbox 1788 2429 1971 2486; x_wconf 86' lang='lat' dir='ltr'><strong>ulnis.</strong></span> 
     </span>
    </p>

    <p class='ocr_par' dir='ltr' id='par_1_8' title="bbox 426 2526 2138 3017">
     <span class='ocr_line' id='line_1_21' title="bbox 426 2526 2081 2609; baseline 0.002 -24"><span class='ocrx_word' id='word_1_125' title='bbox 426 2531 511 2595; x_wconf 81' lang='lat'><strong>60</strong></span> <span class='ocrx_word' id='word_1_126' title='bbox 550 2526 895 2608; x_wconf 80' lang='lat' dir='ltr'><strong>panduntur</strong></span> <span class='ocrx_word' id='word_1_127' title='bbox 917 2539 1126 2608; x_wconf 86' lang='lat' dir='ltr'><strong>portae</strong></span> <span class='ocrx_word' id='word_1_128' title='bbox 1152 2530 1342 2587; x_wconf 88' lang='lat' dir='ltr'><strong>multo</strong></span> <span class='ocrx_word' id='word_1_129' title='bbox 1369 2529 1493 2586; x_wconf 85' lang='lat' dir='ltr'><strong>iam</strong></span> <span class='ocrx_word' id='word_1_130' title='bbox 1519 2539 1789 2609; x_wconf 83' lang='lat' dir='ltr'><strong>tempore</strong></span> <span class='ocrx_word' id='word_1_131' title='bbox 1821 2530 2081 2588; x_wconf 87' lang='lat' dir='ltr'><strong>clausae.</strong></span> 
     </span>
     <span class='ocr_line' id='line_1_22' title="bbox 551 2629 2071 2711; baseline 0 -22"><span class='ocrx_word' id='word_1_132' title='bbox 551 2630 886 2710; x_wconf 83' lang='lat' dir='ltr'><strong>ingreditur</strong></span> <span class='ocrx_word' id='word_1_133' title='bbox 910 2633 1101 2691; x_wconf 77' lang='lat' dir='ltr'><strong>victor</strong></span> <span class='ocrx_word' id='word_1_134' title='bbox 1123 2632 1347 2710; x_wconf 85' lang='lat' dir='ltr'><strong>populo</strong></span> <span class='ocrx_word' id='word_1_135' title='bbox 1370 2629 1667 2708; x_wconf 84' lang='lat' dir='ltr'><strong>gaudente</strong></span> <span class='ocrx_word' id='word_1_136' title='bbox 1694 2630 2071 2711; x_wconf 81' lang='lat' dir='ltr'><strong>triumphans</strong></span> 
     </span>
     <span class='ocr_line' id='line_1_23' title="bbox 546 2731 2138 2815; baseline 0.001 -22"><span class='ocrx_word' id='word_1_137' title='bbox 546 2736 759 2794; x_wconf 85' lang='lat' dir='ltr'><strong>urbem</strong></span> <span class='ocrx_word' id='word_1_138' title='bbox 783 2754 892 2813; x_wconf 85' lang='lat' dir='ltr'><strong>per</strong></span> <span class='ocrx_word' id='word_1_139' title='bbox 913 2731 1200 2791; x_wconf 88' lang='lat' dir='ltr'><strong>mediam.</strong></span> <span class='ocrx_word' id='word_1_140' title='bbox 1284 2733 1515 2811; x_wconf 86' lang='lat' dir='ltr'><strong>palmas</strong></span> <span class='ocrx_word' id='word_1_141' title='bbox 1536 2734 1856 2815; x_wconf 83' lang='lat' dir='ltr'><strong>laurosque</strong></span> <span class='ocrx_word' id='word_1_142' title='bbox 1879 2738 2138 2794; x_wconf 77' lang='lat' dir='ltr'><strong>virentes</strong></span> 
     </span>
     <span class='ocr_line' id='line_1_24' title="bbox 547 2835 1962 2916; baseline -0.001 -21"><span class='ocrx_word' id='word_1_143' title='bbox 547 2835 783 2896; x_wconf 89' lang='lat' dir='ltr'><strong>Sidonii</strong></span> <span class='ocrx_word' id='word_1_144' title='bbox 806 2846 1004 2916; x_wconf 85' lang='lat' dir='ltr'><strong>patres</strong></span> <span class='ocrx_word' id='word_1_145' title='bbox 1026 2836 1321 2909; x_wconf 82' lang='lat' dir='ltr'><strong>referunt3</strong></span> <span class='ocrx_word' id='word_1_146' title='bbox 1367 2839 1661 2895; x_wconf 87' lang='lat' dir='ltr'><strong>concurrit</strong></span> <span class='ocrx_word' id='word_1_147' title='bbox 1694 2838 1769 2894; x_wconf 89' lang='lat' dir='ltr'><strong>ab</strong></span> <span class='ocrx_word' id='word_1_148' title='bbox 1797 2840 1962 2895; x_wconf 83' lang='lat' dir='ltr'><strong>omni</strong></span> 
     </span>
     <span class='ocr_line' id='line_1_25' title="bbox 546 2938 1984 3017; baseline 0.001 -19"><span class='ocrx_word' id='word_1_149' title='bbox 546 2940 720 2998; x_wconf 84' lang='lat' dir='ltr'><strong>turba</strong></span> <span class='ocrx_word' id='word_1_150' title='bbox 741 2941 841 2998; x_wconf 81' lang='lat' dir='ltr'><strong>via</strong></span> <span class='ocrx_word' id='word_1_151' title='bbox 855 2983 872 3014; x_wconf 91' lang='lat'>‚</span> <span class='ocrx_word' id='word_1_152' title='bbox 916 2947 1269 3017; x_wconf 87' lang='lat' dir='ltr'><strong>exspectans</strong></span> <span class='ocrx_word' id='word_1_153' title='bbox 1292 2938 1451 2996; x_wconf 90' lang='lat' dir='ltr'><strong>acies</strong></span> <span class='ocrx_word' id='word_1_154' title='bbox 1475 2940 1697 2997; x_wconf 85' lang='lat' dir='ltr'><strong>intrare</strong></span> <span class='ocrx_word' id='word_1_155' title='bbox 1717 2943 1984 3001; x_wconf 85' lang='lat' dir='ltr'><strong>Latinas.</strong></span> 
     </span>
    </p>

    <p class='ocr_par' dir='ltr' id='par_1_9' title="bbox 420 3040 2162 3532">
     <span class='ocr_line' id='line_1_26' title="bbox 420 3040 2058 3123; baseline 0 -21"><span class='ocrx_word' id='word_1_156' title='bbox 420 3042 507 3110; x_wconf 83' lang='grc'><strong>65</strong></span> <span class='ocrx_word' id='word_1_157' title='bbox 549 3045 909 3102; x_wconf 83' lang='lat' dir='ltr'><strong>conveniunt</strong></span> <span class='ocrx_word' id='word_1_158' title='bbox 935 3042 1199 3121; x_wconf 82' lang='lat' dir='ltr'><strong>fessique</strong></span> <span class='ocrx_word' id='word_1_159' title='bbox 1227 3058 1400 3098; x_wconf 79' lang='lat' dir='ltr'><strong>senes</strong></span> <span class='ocrx_word' id='word_1_160' title='bbox 1425 3040 1800 3123; x_wconf 81' lang='lat' dir='ltr'><strong>pavidaeque</strong></span> <span class='ocrx_word' id='word_1_161' title='bbox 1817 3046 2058 3122; x_wconf 81' lang='lat' dir='ltr'><strong>puellae</strong></span> 
     </span>
     <span class='ocr_line' id='line_1_27' title="bbox 548 3142 1955 3222; baseline -0.001 -17"><span class='ocrx_word' id='word_1_162' title='bbox 548 3144 782 3206; x_wconf 77' lang='lat' dir='ltr'><strong>visendi</strong></span> <span class='ocrx_word' id='word_1_163' title='bbox 810 3142 1041 3217; x_wconf 82' lang='lat' dir='ltr'><strong>studi03</strong></span> <span class='ocrx_word' id='word_1_164' title='bbox 1084 3152 1307 3201; x_wconf 82' lang='lat' dir='ltr'><strong>stantes</strong></span> <span class='ocrx_word' id='word_1_165' title='bbox 1333 3162 1444 3222; x_wconf 84' lang='lat' dir='ltr'><strong>per</strong></span> <span class='ocrx_word' id='word_1_166' title='bbox 1468 3147 1708 3203; x_wconf 89' lang='lat' dir='ltr'><strong>moenia</strong></span> <span class='ocrx_word' id='word_1_167' title='bbox 1733 3156 1955 3205; x_wconf 81' lang='lat' dir='ltr'><strong>matres</strong></span> 
     </span>
     <span class='ocr_line' id='line_1_28' title="bbox 550 3243 2162 3329; baseline 0.001 -23"><span class='ocrx_word' id='word_1_168' title='bbox 550 3250 879 3328; x_wconf 85' lang='lat' dir='ltr'><strong>aspiciunt,</strong></span> <span class='ocrx_word' id='word_1_169' title='bbox 921 3246 1219 3325; x_wconf 75' lang='lat' dir='ltr'><strong>variisque</strong></span> <span class='ocrx_word' id='word_1_170' title='bbox 1242 3243 1439 3303; x_wconf 86' lang='lat' dir='ltr'><strong>modis</strong></span> <span class='ocrx_word' id='word_1_171' title='bbox 1465 3265 1574 3326; x_wconf 86' lang='lat' dir='ltr'><strong>per</strong></span> <span class='ocrx_word' id='word_1_172' title='bbox 1599 3248 1817 3325; x_wconf 83' lang='lat' dir='ltr'><strong>gaudia</strong></span> <span class='ocrx_word' id='word_1_173' title='bbox 1847 3250 2162 3329; x_wconf 82' lang='lat' dir='ltr'><strong>plangunt.</strong></span> 
     </span>
     <span class='ocr_line' id='line_1_29' title="bbox 551 3349 1944 3429; baseline 0.001 -20"><span class='ocrx_word' id='word_1_174' title='bbox 551 3353 898 3429; x_wconf 83' lang='lat' dir='ltr'><strong>contingunt</strong></span> <span class='ocrx_word' id='word_1_175' title='bbox 925 3349 1153 3405; x_wconf 83' lang='lat' dir='ltr'><strong>animos</strong></span> <span class='ocrx_word' id='word_1_176' title='bbox 1178 3350 1343 3405; x_wconf 82' lang='lat' dir='ltr'><strong>saevi</strong></span> <span class='ocrx_word' id='word_1_177' title='bbox 1366 3358 1456 3406; x_wconf 84' lang='lat' dir='ltr'><strong>tot</strong></span> <span class='ocrx_word' id='word_1_178' title='bbox 1482 3359 1750 3429; x_wconf 83' lang='lat' dir='ltr'><strong>tempora</strong></span> <span class='ocrx_word' id='word_1_179' title='bbox 1777 3352 1944 3411; x_wconf 85' lang='lat' dir='ltr'><strong>belli.</strong></span> 
     </span>
     <span class='ocr_line' id='line_1_30' title="bbox 551 3448 1906 3532; baseline 0.001 -22"><span class='ocrx_word' id='word_1_180' title='bbox 551 3454 808 3512; x_wconf 80' lang='lat' dir='ltr'><strong>feminea</strong></span> <span class='ocrx_word' id='word_1_181' title='bbox 835 3453 1055 3532; x_wconf 88' lang='lat' dir='ltr'><strong>pietate</strong></span> <span class='ocrx_word' id='word_1_182' title='bbox 1086 3448 1319 3525; x_wconf 84' lang='lat' dir='ltr'><strong>dolent,</strong></span> <span class='ocrx_word' id='word_1_183' title='bbox 1365 3469 1657 3530; x_wconf 86' lang='lat' dir='ltr'><strong>casusque</strong></span> <span class='ocrx_word' id='word_1_184' title='bbox 1682 3454 1906 3530; x_wconf 79' lang='lat' dir='ltr'><strong>priores</strong></span> 
     </span>
    </p>
   </div>
   <div class='ocr_carea' id='block_1_3' title="bbox 422 3554 2238 3639">
    <p class='ocr_par' dir='ltr' id='par_1_10' title="bbox 422 3554 2238 3639">
     <span class='ocr_line' id='line_1_31' title="bbox 422 3554 2238 3639; baseline 0.002 -26"><span class='ocrx_word' id='word_1_185' title='bbox 422 3557 512 3619; x_wconf 84' lang='lat'><strong>70</strong></span> <span class='ocrx_word' id='word_1_186' title='bbox 550 3565 1049 3628; x_wconf 81' lang='lat' dir='ltr'><strong>commemorant,</strong></span> <span class='ocrx_word' id='word_1_187' title='bbox 1094 3562 1453 3633; x_wconf 78' lang='lat' dir='ltr'><strong>narrantque</strong></span> <span class='ocrx_word' id='word_1_188' title='bbox 1484 3554 1599 3611; x_wconf 85' lang='lat' dir='ltr'><strong>feri</strong></span> <span class='ocrx_word' id='word_1_189' title='bbox 1632 3557 1948 3615; x_wconf 83' lang='lat' dir='ltr'><strong>malefacta</strong></span> <span class='ocrx_word' id='word_1_190' title='bbox 1977 3561 2238 3639; x_wconf 84' lang='lat' dir='ltr'><strong>tyranni,</strong></span> 
     </span>
    </p>
   </div>
   <div class='ocr_carea' id='block_1_4' title="bbox 427 3654 2076 4252">
    <p class='ocr_par' dir='ltr' id='par_1_11' title="bbox 427 3654 2076 4252">
     <span class='ocr_line' id='line_1_32' title="bbox 552 3654 2012 3738; baseline 0.002 -22"><span class='ocrx_word' id='word_1_191' title='bbox 552 3659 826 3735; x_wconf 84' lang='lat' dir='ltr'><strong>gentibus</strong></span> <span class='ocrx_word' id='word_1_192' title='bbox 855 3668 923 3715; x_wconf 89' lang='lat' dir='ltr'><strong>ut</strong></span> <span class='ocrx_word' id='word_1_193' title='bbox 946 3654 1157 3714; x_wconf 87' lang='lat' dir='ltr'><strong>dubias</strong></span> <span class='ocrx_word' id='word_1_194' title='bbox 1183 3657 1463 3734; x_wconf 84' lang='lat' dir='ltr'><strong>patefecit</strong></span> <span class='ocrx_word' id='word_1_195' title='bbox 1485 3658 1551 3714; x_wconf 91' lang='lat' dir='ltr'><strong>iu</strong></span> <span class='ocrx_word' id='word_1_196' title='bbox 1572 3655 1783 3716; x_wconf 84' lang='lat' dir='ltr'><strong>ordine</strong></span> <span class='ocrx_word' id='word_1_197' title='bbox 1811 3670 2012 3738; x_wconf 87' lang='lat' dir='ltr'><strong>portas</strong></span> 
     </span>
     <span class='ocr_line' id='line_1_33' title="bbox 551 3758 2032 3839; baseline 0.003 -21"><span class='ocrx_word' id='word_1_198' title='bbox 551 3758 790 3819; x_wconf 82' lang='lat' dir='ltr'><strong>foedere</strong></span> <span class='ocrx_word' id='word_1_199' title='bbox 823 3758 1058 3837; x_wconf 84' lang='lat' dir='ltr'><strong>dirupto</strong></span> <span class='ocrx_word' id='word_1_200' title='bbox 1074 3801 1091 3833; x_wconf 88' lang='lat'>‚</span> <span class='ocrx_word' id='word_1_201' title='bbox 1134 3761 1416 3816; x_wconf 85' lang='lat' dir='ltr'><strong>miseram</strong></span> <span class='ocrx_word' id='word_1_202' title='bbox 1443 3777 1562 3839; x_wconf 88' lang='lat' dir='ltr'><strong>qua</strong></span> <span class='ocrx_word' id='word_1_203' title='bbox 1589 3771 1789 3819; x_wconf 83' lang='lat' dir='ltr'><strong>mente</strong></span> <span class='ocrx_word' id='word_1_204' title='bbox 1814 3763 2032 3822; x_wconf 81' lang='lat' dir='ltr'><strong>fefellit</strong></span> 
     </span>
     <span class='ocr_line' id='line_1_34' title="bbox 551 3860 2058 3942; baseline 0.003 -22"><span class='ocrx_word' id='word_1_205' title='bbox 551 3860 816 3922; x_wconf 77' lang='lat' dir='ltr'><strong>fervidus</strong></span> <span class='ocrx_word' id='word_1_206' title='bbox 845 3873 947 3921; x_wconf 88' lang='lat' dir='ltr'><strong>aut</strong></span> <span class='ocrx_word' id='word_1_207' title='bbox 971 3863 1209 3942; x_wconf 82' lang='lat' dir='ltr'><strong>quantis</strong></span> <span class='ocrx_word' id='word_1_208' title='bbox 1236 3862 1498 3920; x_wconf 76' lang='lat' dir='ltr'><strong>turbavit</strong></span> <span class='ocrx_word' id='word_1_209' title='bbox 1523 3861 1791 3923; x_wconf 81' lang='lat' dir='ltr'><strong>cladibus</strong></span> <span class='ocrx_word' id='word_1_210' title='bbox 1824 3866 2058 3924; x_wconf 84' lang='lat' dir='ltr'><strong>urbem.</strong></span> 
     </span>
     <span class='ocr_line' id='line_1_35' title="bbox 549 3963 2073 4047; baseline 0.002 -25"><span class='ocrx_word' id='word_1_211' title='bbox 549 3963 828 4024; x_wconf 87' lang='lat' dir='ltr'><strong>laudibus</strong></span> <span class='ocrx_word' id='word_1_212' title='bbox 856 3967 1165 4024; x_wconf 88' lang='lat' dir='ltr'><strong>immensis</strong></span> <span class='ocrx_word' id='word_1_213' title='bbox 1189 3967 1360 4043; x_wconf 82' lang='lat' dir='ltr'><strong>pueri</strong></span> <span class='ocrx_word' id='word_1_214' title='bbox 1388 3965 1753 4047; x_wconf 83' lang='lat' dir='ltr'><strong>iuvenesque</strong></span> <span class='ocrx_word' id='word_1_215' title='bbox 1781 3985 2073 4047; x_wconf 84' lang='lat' dir='ltr'><strong>senesque</strong></span> 
     </span>
     <span class='ocr_line' id='line_1_36' title="bbox 427 4063 1948 4146; baseline -0.002 -19"><span class='ocrx_word' id='word_1_216' title='bbox 427 4063 515 4133; x_wconf 77' lang='lat'><strong>75</strong></span> <span class='ocrx_word' id='word_1_217' title='bbox 554 4066 862 4146; x_wconf 82' lang='lat' dir='ltr'><strong>imperiale</strong></span> <span class='ocrx_word' id='word_1_218' title='bbox 894 4077 1116 4125; x_wconf 79' lang='lat' dir='ltr'><strong>cauum</strong></span> <span class='ocrx_word' id='word_1_219' title='bbox 1143 4064 1402 4124; x_wconf 86' lang='lat' dir='ltr'><strong>ductoris</strong></span> <span class='ocrx_word' id='word_1_220' title='bbox 1430 4086 1680 4125; x_wconf 88' lang='lat' dir='ltr'><strong>munere</strong></span> <span class='ocrx_word' id='word_1_221' title='bbox 1706 4087 1948 4143; x_wconf 86' lang='lat' dir='ltr'><strong>nomen,</strong></span> 
     </span>
     <span class='ocr_line' id='line_1_37' title="bbox 554 4169 2076 4252; baseline 0.003 -25"><span class='ocrx_word' id='word_1_222' title='bbox 554 4171 977 4252; x_wconf 81' lang='lat' dir='ltr'><strong>exsultantque</strong></span> <span class='ocrx_word' id='word_1_223' title='bbox 1004 4170 1240 4227; x_wconf 86' lang='lat' dir='ltr'><strong>animis.</strong></span> <span class='ocrx_word' id='word_1_224' title='bbox 1325 4169 1520 4227; x_wconf 85' lang='lat' dir='ltr'><strong>omnis</strong></span> <span class='ocrx_word' id='word_1_225' title='bbox 1547 4171 1797 4230; x_wconf 84' lang='lat' dir='ltr'><strong>miratur</strong></span> <span class='ocrx_word' id='word_1_226' title='bbox 1821 4182 1882 4230; x_wconf 89' lang='lat' dir='ltr'><strong>et</strong></span> <span class='ocrx_word' id='word_1_227' title='bbox 1912 4181 2076 4233; x_wconf 86' lang='lat' dir='ltr'><strong>aetas</strong></span> 
     </span>
    </p>
   </div>
   <div class='ocr_carea' id='block_1_5' title="bbox 375 4317 2175 4461">
    <p class='ocr_par' dir='ltr' id='par_1_12' title="bbox 375 4317 2175 4461">
     <span class='ocr_line' id='line_1_38' title="bbox 375 4317 2175 4391; baseline 0.001 -19"><span class='ocrx_word' id='word_1_228' title='bbox 375 4317 455 4372; x_wconf 68' lang='lat'><strong>44</strong></span> <span class='ocrx_word' id='word_1_229' title='bbox 486 4336 693 4374; x_wconf 81' lang='lat' dir='ltr'><strong>manrox</strong></span> <span class='ocrx_word' id='word_1_230' title='bbox 721 4322 773 4373; x_wconf 81' lang='grc' dir='ltr'><strong>Τ</strong></span> <span class='ocrx_word' id='word_1_231' title='bbox 952 4320 1018 4374; x_wconf 85' lang='grc'><strong>51</strong></span> <span class='ocrx_word' id='word_1_232' title='bbox 1049 4317 1289 4372; x_wconf 76' lang='lat' dir='ltr'><strong>sollicitas</strong></span> <span class='ocrx_word' id='word_1_233' title='bbox 1314 4319 1366 4371; x_wconf 79' lang='grc' dir='ltr'><strong>Τ</strong></span> <span class='ocrx_word' id='word_1_234' title='bbox 1527 4318 1599 4373; x_wconf 79' lang='lat'><strong>52</strong></span> <span class='ocrx_word' id='word_1_235' title='bbox 1631 4327 1686 4372; x_wconf 78' lang='lat' dir='ltr'><strong>et</strong></span> <span class='ocrx_word' id='word_1_236' title='bbox 1708 4319 1893 4373; x_wconf 81' lang='lat' dir='ltr'><strong>nostris</strong></span> <span class='ocrx_word' id='word_1_237' title='bbox 1916 4320 2095 4391; x_wconf 82' lang='lat' dir='ltr'><strong>procul</strong></span> <span class='ocrx_word' id='word_1_238' title='bbox 2123 4321 2175 4373; x_wconf 77' lang='lat'><strong>‘1⁶</strong></span> 
     </span>
     <span class='ocr_line' id='line_1_39' title="bbox 376 4387 2125 4461; baseline 0.002 -20"><span class='ocrx_word' id='word_1_239' title='bbox 376 4389 490 4442; x_wconf 74' lang='lat' dir='ltr'><strong>fata</strong></span> <span class='ocrx_word' id='word_1_240' title='bbox 510 4392 652 4460; x_wconf 69' lang='lat' dir='ltr'><strong>apud</strong></span> <span class='ocrx_word' id='word_1_241' title='bbox 676 4391 740 4444; x_wconf 73' lang='lat' dir='ltr'><strong><em>M</em></strong></span> <span class='ocrx_word' id='word_1_242' title='bbox 939 4392 1008 4446; x_wconf 79' lang='lat'><strong>71</strong></span> <span class='ocrx_word' id='word_1_243' title='bbox 1043 4397 1190 4461; x_wconf 76' lang='lat' dir='ltr'><strong>parte</strong></span> <span class='ocrx_word' id='word_1_244' title='bbox 1210 4387 1336 4442; x_wconf 70' lang='lat' dir='ltr'><strong>fecit</strong></span> <span class='ocrx_word' id='word_1_245' title='bbox 1361 4389 1412 4442; x_wconf 84' lang='grc' dir='ltr'><strong><em>Τ</em></strong></span> <span class='ocrx_word' id='word_1_246' title='bbox 1564 4434 1568 4437; x_wconf 19' lang='grc' dir='ltr'><strong>Α</strong></span> <span class='ocrx_word' id='word_1_247' title='bbox 1611 4391 1681 4444; x_wconf 85' lang='lat'><strong>72</strong></span> <span class='ocrx_word' id='word_1_248' title='bbox 1711 4406 1862 4460; x_wconf 78' lang='lat' dir='ltr'><strong>quam</strong></span> <span class='ocrx_word' id='word_1_249' title='bbox 1885 4391 2028 4461; x_wconf 75' lang='lat' dir='ltr'><strong>apud</strong></span> <span class='ocrx_word' id='word_1_250' title='bbox 2049 4391 2125 4444; x_wconf 72' lang='grc' dir='ltr'><strong>Μ.</strong></span> 
     </span>
    </p>
   </div>
   <div class='ocr_carea' id='block_1_6' title="bbox 2417 420 2566 492">
    <p class='ocr_par' dir='ltr' id='par_1_13' title="bbox 2417 420 2566 492">
     <span class='ocr_line' id='line_1_40' title="bbox 2417 420 2566 492; baseline -0.007 0"><span class='ocrx_word' id='word_1_251' title='bbox 2417 420 2566 492; x_wconf 76' lang='lat'>-107</span> 
     </span>
    </p>
   </div>
   <div class='ocr_carea' id='block_1_7' title="bbox 2337 4319 2575 4376">
    <p class='ocr_par' dir='ltr' id='par_1_14' title="bbox 2337 4319 2575 4376">
     <span class='ocr_line' id='line_1_41' title="bbox 2337 4319 2575 4376; baseline -0.004 0"><span class='ocrx_word' id='word_1_252' title='bbox 2337 4322 2409 4376; x_wconf 85' lang='lat'><strong>70</strong></span> <span class='ocrx_word' id='word_1_253' title='bbox 2440 4319 2575 4375; x_wconf 73' lang='lat' dir='ltr'><strong>mala</strong></span> 
     </span>
    </p>
   </div>
  </div>
 </body>
</html>
