<?xml version="1.0" encoding="UTF-8"?>
<!DOCTYPE html PUBLIC "-//W3C//DTD XHTML 1.0 Transitional//EN"
    "http://www.w3.org/TR/xhtml1/DTD/xhtml1-transitional.dtd">
<html xmlns="http://www.w3.org/1999/xhtml" xml:lang="en" lang="en">
 <head>
  <title>
</title>
<meta http-equiv="Content-Type" content="text/html;charset=utf-8" />
  <meta name='ocr-system' content='tesseract 3.04.00' />
  <meta name='ocr-capabilities' content='ocr_page ocr_carea ocr_par ocr_line ocrx_word'/>
</head>
<body>
  <div class='ocr_page' id='page_1' title='image "./carminumpanegyr00niebgoog_0463.png"; bbox 0 0 3210 5200; ppageno 0'>
   <div class='ocr_carea' id='block_1_1' title="bbox 946 400 2512 495">
    <p class='ocr_par' dir='ltr' id='par_1_1' title="bbox 946 400 2512 495">
     <span class='ocr_line' id='line_1_1' title="bbox 946 400 2512 495; baseline 0.006 -10"><span class='ocrx_word' id='word_1_1' title='bbox 946 420 1059 486; x_wconf 72' lang='grc' dir='ltr'><strong>ΒΕ</strong></span> <span class='ocrx_word' id='word_1_2' title='bbox 1091 400 1517 493; x_wconf 63' lang='lat' dir='ltr'><strong>juvamus</strong></span> <span class='ocrx_word' id='word_1_3' title='bbox 1571 418 1904 489; x_wconf 68' lang='lat' dir='ltr'><strong>msam.</strong></span> <span class='ocrx_word' id='word_1_4' title='bbox 2368 423 2512 495; x_wconf 82' lang='lat'><strong>379</strong></span> 
     </span>
    </p>
   </div>
   <div class='ocr_carea' id='block_1_2' title="bbox 302 583 2511 4480">
    <p class='ocr_par' dir='ltr' id='par_1_2' title="bbox 331 583 2509 908">
     <span class='ocr_line' id='line_1_2' title="bbox 333 583 2509 670; baseline -0 -19"><span class='ocrx_word' id='word_1_5' title='bbox 333 592 494 669; x_wconf 80' lang='lat' dir='ltr'><strong>facit,</strong></span> <span class='ocrx_word' id='word_1_6' title='bbox 538 600 602 650; x_wconf 91' lang='lat' dir='ltr'><strong>ut</strong></span> <span class='ocrx_word' id='word_1_7' title='bbox 628 599 752 649; x_wconf 88' lang='lat' dir='ltr'><strong>tota</strong></span> <span class='ocrx_word' id='word_1_8' title='bbox 773 585 935 645; x_wconf 87' lang='lat' dir='ltr'><strong>haec</strong></span> <span class='ocrx_word' id='word_1_9' title='bbox 962 588 1149 646; x_wconf 86' lang='lat' dir='ltr'><strong>oratio</strong></span> <span class='ocrx_word' id='word_1_10' title='bbox 1183 606 1252 645; x_wconf 92' lang='lat' dir='ltr'><strong>eo</strong></span> <span class='ocrx_word' id='word_1_11' title='bbox 1279 587 1424 645; x_wconf 80' lang='lat' dir='ltr'><strong>vitio</strong></span> <span class='ocrx_word' id='word_1_12' title='bbox 1464 597 1553 645; x_wconf 86' lang='lat' dir='ltr'><strong>est</strong></span> <span class='ocrx_word' id='word_1_13' title='bbox 1583 584 1863 647; x_wconf 84' lang='lat' dir='ltr'><strong>distenta.</strong></span> <span class='ocrx_word' id='word_1_14' title='bbox 1950 583 2057 646; x_wconf 85' lang='lat' dir='ltr'><strong>sed</strong></span> <span class='ocrx_word' id='word_1_15' title='bbox 2080 585 2194 646; x_wconf 86' lang='lat' dir='ltr'><strong>hoc</strong></span> <span class='ocrx_word' id='word_1_16' title='bbox 2233 592 2363 648; x_wconf 82' lang='lat' dir='ltr'><strong>aevi</strong></span> <span class='ocrx_word' id='word_1_17' title='bbox 2398 613 2509 670; x_wconf 90' lang='lat' dir='ltr'><strong>po·-</strong></span> 
     </span>
     <span class='ocr_line' id='line_1_3' title="bbox 333 672 2507 759; baseline -0.002 -20"><span class='ocrx_word' id='word_1_18' title='bbox 333 682 450 739; x_wconf 81' lang='lat' dir='ltr'><strong>1ius</strong></span> <span class='ocrx_word' id='word_1_19' title='bbox 482 696 662 759; x_wconf 88' lang='lat' dir='ltr'><strong>quam</strong></span> <span class='ocrx_word' id='word_1_20' title='bbox 691 674 932 752; x_wconf 86' lang='lat' dir='ltr'><strong>Corippi</strong></span> <span class='ocrx_word' id='word_1_21' title='bbox 964 682 1071 730; x_wconf 86' lang='lat' dir='ltr'><strong>est.</strong></span> <span class='ocrx_word' id='word_1_22' title='bbox 1155 674 1284 750; x_wconf 87' lang='lat' dir='ltr'><strong>pari</strong></span> <span class='ocrx_word' id='word_1_23' title='bbox 1313 673 1562 731; x_wconf 77' lang='lat' dir='ltr'><strong>laxitate</strong></span> <span class='ocrx_word' id='word_1_24' title='bbox 1588 672 1878 752; x_wconf 86' lang='lat' dir='ltr'><strong>disiungit</strong></span> <span class='ocrx_word' id='word_1_25' title='bbox 1908 675 2119 732; x_wconf 83' lang='lat' dir='ltr'><strong>Iustini</strong></span> <span class='ocrx_word' id='word_1_26' title='bbox 2144 672 2222 731; x_wconf 85' lang='lat' dir='ltr'><strong>ad</strong></span> <span class='ocrx_word' id='word_1_27' title='bbox 2244 678 2507 735; x_wconf 78' lang='lat' dir='ltr'><strong>Avarum</strong></span> 
     </span>
     <span class='ocr_line' id='line_1_4' title="bbox 331 758 2506 869; baseline -0.001 -46"><span class='ocrx_word' id='word_1_28' title='bbox 331 766 557 842; x_wconf 87' lang='lat' dir='ltr'><strong>legatos</strong></span> <span class='ocrx_word' id='word_1_29' title='bbox 589 759 975 841; x_wconf 83' lang='lat' dir='ltr'><strong>sequentibus</strong></span> <span class='ocrx_word' id='word_1_30' title='bbox 1001 758 1168 817; x_wconf 85' lang='lat' dir='ltr'><strong>libris</strong></span> <span class='ocrx_word' id='word_1_31' title='bbox 1186 802 1203 833; x_wconf 92' lang='lat'>,</span> <span class='ocrx_word' id='word_1_32' title='bbox 1247 776 1399 837; x_wconf 90' lang='lat' dir='ltr'><strong>quae</strong></span> <span class='ocrx_word' id='word_1_33' title='bbox 1426 759 1651 838; x_wconf 82' lang='lat' dir='ltr'>alioqui</span> <span class='ocrx_word' id='word_1_34' title='bbox 1681 769 1739 816; x_wconf 89' lang='lat' dir='ltr'><strong>et</strong></span> <span class='ocrx_word' id='word_1_35' title='bbox 1768 761 1913 818; x_wconf 81' lang='lat' dir='ltr'><strong>satis</strong></span> <span class='ocrx_word' id='word_1_36' title='bbox 1940 769 2153 869; x_wconf 84' lang='lat' dir='ltr'><strong>arguta</strong></span> <span class='ocrx_word' id='word_1_37' title='bbox 2176 768 2233 816; x_wconf 88' lang='lat' dir='ltr'><strong>et</strong></span> <span class='ocrx_word' id='word_1_38' title='bbox 2252 780 2374 819; x_wconf 88' lang='lat' dir='ltr'><strong>non</strong></span> <span class='ocrx_word' id='word_1_39' title='bbox 2408 764 2506 820; x_wconf 88' lang='lat' dir='ltr'><strong>in-</strong></span> 
     </span>
     <span class='ocr_line' id='line_1_5' title="bbox 331 847 1019 908; baseline -0.012 0"><span class='ocrx_word' id='word_1_40' title='bbox 331 849 549 908; x_wconf 84' lang='lat' dir='ltr'><strong>diserta</strong></span> <span class='ocrx_word' id='word_1_41' title='bbox 577 855 687 906; x_wconf 82' lang='lat' dir='ltr'><strong>est.</strong></span> <span class='ocrx_word' id='word_1_42' title='bbox 771 847 1019 902; x_wconf 59' lang='lat' dir='ltr'><strong>Bina.</strong></span> 
     </span>
    </p>

    <p class='ocr_par' dir='ltr' id='par_1_3' title="bbox 316 927 2511 2522">
     <span class='ocr_line' id='line_1_6' title="bbox 504 927 2509 1009; baseline 0.002 -22"><span class='ocrx_word' id='word_1_43' title='bbox 504 935 642 996; x_wconf 86' lang='lat'><strong>196.</strong></span> <span class='ocrx_word' id='word_1_44' title='bbox 731 928 1013 1009; x_wconf 72' lang='lat' dir='ltr'><strong>quodsas</strong></span> <span class='ocrx_word' id='word_1_45' title='bbox 1042 938 1126 986; x_wconf 73' lang='lat' dir='ltr'><strong>est</strong></span> <span class='ocrx_word' id='word_1_46' title='bbox 1153 927 1357 985; x_wconf 79' lang='lat' dir='ltr'><strong><em>dicere.</em></strong></span> <span class='ocrx_word' id='word_1_47' title='bbox 1449 928 1679 987; x_wconf 89' lang='lat' dir='ltr'><strong>malum</strong></span> <span class='ocrx_word' id='word_1_48' title='bbox 1708 947 1883 989; x_wconf 88' lang='lat' dir='ltr'><strong>omen</strong></span> <span class='ocrx_word' id='word_1_49' title='bbox 1911 939 2079 987; x_wconf 82' lang='lat' dir='ltr'><strong>cavet</strong></span> <span class='ocrx_word' id='word_1_50' title='bbox 2101 931 2369 989; x_wconf 78' lang='lat' dir='ltr'><strong>cautione</strong></span> <span class='ocrx_word' id='word_1_51' title='bbox 2395 930 2509 991; x_wconf 87' lang='lat' dir='ltr'><strong>hac</strong></span> 
     </span>
     <span class='ocr_line' id='line_1_7' title="bbox 330 1012 2511 1096; baseline -0.002 -19"><span class='ocrx_word' id='word_1_52' title='bbox 330 1017 554 1090; x_wconf 83' lang='lat' dir='ltr'><strong>addita,</strong></span> <span class='ocrx_word' id='word_1_53' title='bbox 600 1012 761 1096; x_wconf 91' lang='lat' dir='ltr'><strong>q&#39;uod</strong></span> <span class='ocrx_word' id='word_1_54' title='bbox 784 1025 1013 1073; x_wconf 77' lang='lat' dir='ltr'><strong>veteres</strong></span> <span class='ocrx_word' id='word_1_55' title='bbox 1046 1022 1273 1071; x_wconf 84' lang='lat' dir='ltr'><strong>nostros</strong></span> <span class='ocrx_word' id='word_1_56' title='bbox 1300 1013 1560 1074; x_wconf 77' lang='lat' dir='ltr'><strong>solentes</strong></span> <span class='ocrx_word' id='word_1_57' title='bbox 1592 1015 1805 1073; x_wconf 85' lang='lat' dir='ltr'><strong>fecisse</strong></span> <span class='ocrx_word' id='word_1_58' title='bbox 1836 1034 1955 1072; x_wconf 88' lang='lat' dir='ltr'><strong>una</strong></span> <span class='ocrx_word' id='word_1_59' title='bbox 1985 1032 2131 1073; x_wconf 77' lang='lat' dir='ltr'><strong>voce</strong></span> <span class='ocrx_word' id='word_1_60' title='bbox 2157 1017 2511 1092; x_wconf 69' lang='lat' dir='ltr'><strong>praefiscini</strong></span> 
     </span>
     <span class='ocr_line' id='line_1_8' title="bbox 331 1096 2505 1181; baseline -0.001 -19"><span class='ocrx_word' id='word_1_61' title='bbox 331 1103 760 1171; x_wconf 66' lang='lat' dir='ltr'><strong>omnibusiam</strong></span> <span class='ocrx_word' id='word_1_62' title='bbox 785 1109 994 1157; x_wconf 90' lang='lat' dir='ltr'><strong>notum</strong></span> <span class='ocrx_word' id='word_1_63' title='bbox 1023 1118 1151 1157; x_wconf 87' lang='lat' dir='ltr'><strong>esse</strong></span> <span class='ocrx_word' id='word_1_64' title='bbox 1183 1100 1481 1172; x_wconf 73' lang='lat' dir='ltr'><strong>existimo.</strong></span> <span class='ocrx_word' id='word_1_65' title='bbox 1567 1102 1783 1158; x_wconf 85' lang='lat' dir='ltr'><strong>ominis</strong></span> <span class='ocrx_word' id='word_1_66' title='bbox 1821 1120 1961 1158; x_wconf 77' lang='lat' dir='ltr'><strong>vero</strong></span> <span class='ocrx_word' id='word_1_67' title='bbox 1988 1096 2279 1159; x_wconf 78' lang='lat' dir='ltr'><strong>non&#39;boni</strong></span> <span class='ocrx_word' id='word_1_68' title='bbox 2307 1105 2505 1181; x_wconf 84' lang='lat' dir='ltr'><strong>suspi-</strong></span> 
     </span>
     <span class='ocr_line' id='line_1_9' title="bbox 332 1181 2506 1265; baseline -0.001 -18"><span class='ocrx_word' id='word_1_69' title='bbox 332 1193 424 1247; x_wconf 86' lang='lat' dir='ltr'><strong>cio</strong></span> <span class='ocrx_word' id='word_1_70' title='bbox 463 1189 529 1244; x_wconf 88' lang='lat' dir='ltr'><strong>in</strong></span> <span class='ocrx_word' id='word_1_71' title='bbox 573 1207 643 1245; x_wconf 86' lang='lat' dir='ltr'><strong>eo</strong></span> <span class='ocrx_word' id='word_1_72' title='bbox 681 1195 768 1244; x_wconf 89' lang='lat' dir='ltr'><strong>est</strong></span> <span class='ocrx_word' id='word_1_73' title='bbox 804 1181 967 1265; x_wconf 88' lang='lat' dir='ltr'><strong>quod</strong></span> <span class='ocrx_word' id='word_1_74' title='bbox 996 1186 1078 1241; x_wconf 88' lang='lat' dir='ltr'><strong>ait</strong></span> <span class='ocrx_word' id='word_1_75' title='bbox 1111 1186 1494 1260; x_wconf 73' lang='lat' dir='ltr'><strong>compositum</strong></span> <span class='ocrx_word' id='word_1_76' title='bbox 1520 1191 1640 1242; x_wconf 72' lang='lat' dir='ltr'><strong>esse</strong></span> <span class='ocrx_word' id='word_1_77' title='bbox 1674 1188 2014 1264; x_wconf 88' lang='lat' dir='ltr'><strong>imperium.</strong></span> <span class='ocrx_word' id='word_1_78' title='bbox 2096 1195 2310 1244; x_wconf 86' lang='lat' dir='ltr'><strong>natura</strong></span> <span class='ocrx_word' id='word_1_79' title='bbox 2345 1190 2506 1244; x_wconf 88' lang='lat' dir='ltr'><strong>enim</strong></span> 
     </span>
     <span class='ocr_line' id='line_1_10' title="bbox 330 1270 2507 1349; baseline -0 -18"><span class='ocrx_word' id='word_1_80' title='bbox 330 1273 482 1333; x_wconf 90' lang='lat' dir='ltr'><strong>duce</strong></span> <span class='ocrx_word' id='word_1_81' title='bbox 526 1270 740 1329; x_wconf 86' lang='lat' dir='ltr'><strong>dicitur</strong></span> <span class='ocrx_word' id='word_1_82' title='bbox 780 1289 1019 1327; x_wconf 85' lang='lat' dir='ltr'><strong>omnem</strong></span> <span class='ocrx_word' id='word_1_83' title='bbox 1064 1271 1550 1347; x_wconf 81' lang='lat' dir='ltr'><strong>compositionem</strong></span> <span class='ocrx_word' id='word_1_84' title='bbox 1590 1271 2015 1330; x_wconf 76' lang='lat' dir='ltr'><strong>resolutionem</strong></span> <span class='ocrx_word' id='word_1_85' title='bbox 2046 1288 2408 1349; x_wconf 75' lang='lat' dir='ltr'><strong>praeponere</strong></span> <span class='ocrx_word' id='word_1_86' title='bbox 2448 1284 2507 1330; x_wconf 86' lang='lat' dir='ltr'><strong>et</strong></span> 
     </span>
     <span class='ocr_line' id='line_1_11' title="bbox 326 1356 2506 1434; baseline -0.001 -18"><span class='ocrx_word' id='word_1_87' title='bbox 326 1369 612 1417; x_wconf 87' lang='lat' dir='ltr'><strong>metuere.</strong></span> <span class='ocrx_word' id='word_1_88' title='bbox 675 1359 1034 1414; x_wconf 84' lang='lat' dir='ltr'><strong>-Romanum</strong></span> <span class='ocrx_word' id='word_1_89' title='bbox 1065 1364 1267 1411; x_wconf 88' lang='lat' dir='ltr'><strong>autem</strong></span> <span class='ocrx_word' id='word_1_90' title='bbox 1289 1357 1611 1433; x_wconf 85' lang='lat' dir='ltr'><strong>imperium</strong></span> <span class='ocrx_word' id='word_1_91' title='bbox 1639 1366 1925 1434; x_wconf 86' lang='lat' dir='ltr'><strong>perpetuo</strong></span> <span class='ocrx_word' id='word_1_92' title='bbox 1962 1358 2313 1433; x_wconf 85' lang='lat' dir='ltr'><strong>cognomine</strong></span> <span class='ocrx_word' id='word_1_93' title='bbox 2342 1356 2506 1415; x_wconf 81' lang='lat' dir='ltr'><strong>velut</strong></span> 
     </span>
     <span class='ocr_line' id='line_1_12' title="bbox 328 1439 2508 1520; baseline -0.001 -19"><span class='ocrx_word' id='word_1_94' title='bbox 328 1454 634 1517; x_wconf 87' lang='lat' dir='ltr'><strong>aeternum</strong></span> <span class='ocrx_word' id='word_1_95' title='bbox 657 1485 671 1515; x_wconf 93' lang='lat'>,</span> <span class='ocrx_word' id='word_1_96' title='bbox 730 1441 803 1497; x_wconf 90' lang='lat' dir='ltr'><strong>ab</strong></span> <span class='ocrx_word' id='word_1_97' title='bbox 834 1440 1109 1497; x_wconf 88' lang='lat' dir='ltr'><strong>omnibus</strong></span> <span class='ocrx_word' id='word_1_98' title='bbox 1135 1439 1267 1496; x_wconf 75' lang='lat' dir='ltr'><strong>aevi</strong></span> <span class='ocrx_word' id='word_1_99' title='bbox 1289 1441 1454 1497; x_wconf 86' lang='lat' dir='ltr'><strong>illius</strong></span> <span class='ocrx_word' id='word_1_100' title='bbox 1481 1443 1971 1520; x_wconf 85' lang='lat' dir='ltr'><strong>superiorumque</strong></span> <span class='ocrx_word' id='word_1_101' title='bbox 1999 1442 2381 1520; x_wconf 84' lang='lat' dir='ltr'><strong>scriptoribus</strong></span> <span class='ocrx_word' id='word_1_102' title='bbox 2408 1439 2508 1499; x_wconf 84' lang='lat' dir='ltr'><strong>di-</strong></span> 
     </span>
     <span class='ocr_line' id='line_1_13' title="bbox 325 1522 2505 1600; baseline -0.001 -13"><span class='ocrx_word' id='word_1_103' title='bbox 325 1541 488 1587; x_wconf 88' lang='lat' dir='ltr'><strong>ctum</strong></span> <span class='ocrx_word' id='word_1_104' title='bbox 509 1572 526 1600; x_wconf 90' lang='lat'>,</span> <span class='ocrx_word' id='word_1_105' title='bbox 556 1538 637 1584; x_wconf 60' lang='lat' dir='ltr'><strong>*ut</strong></span> <span class='ocrx_word' id='word_1_106' title='bbox 674 1526 840 1583; x_wconf 87' lang='lat' dir='ltr'><strong>mille</strong></span> <span class='ocrx_word' id='word_1_107' title='bbox 885 1527 1036 1591; x_wconf 83' lang='lat' dir='ltr'><strong>locis</strong></span> <span class='ocrx_word' id='word_1_108' title='bbox 1067 1522 1342 1582; x_wconf 86' lang='lat' dir='ltr'><strong>codicum</strong></span> <span class='ocrx_word' id='word_1_109' title='bbox 1373 1528 1724 1600; x_wconf 71' lang='lat' dir='ltr'><strong>lustinianei</strong></span> <span class='ocrx_word' id='word_1_110' title='bbox 1757 1536 1815 1583; x_wconf 87' lang='lat' dir='ltr'><strong>et</strong></span> <span class='ocrx_word' id='word_1_111' title='bbox 1841 1523 2248 1585; x_wconf 86' lang='lat' dir='ltr'><strong>Theodosiani</strong></span> <span class='ocrx_word' id='word_1_112' title='bbox 2277 1528 2375 1584; x_wconf 82' lang='lat' dir='ltr'><strong>vel</strong></span> <span class='ocrx_word' id='word_1_113' title='bbox 2403 1547 2505 1585; x_wconf 89' lang='lat' dir='ltr'><strong>so-</strong></span> 
     </span>
     <span class='ocr_line' id='line_1_14' title="bbox 324 1611 2502 1691; baseline -0.002 -18"><span class='ocrx_word' id='word_1_114' title='bbox 324 1616 522 1673; x_wconf 88' lang='lat' dir='ltr'><strong>lorum</strong></span> <span class='ocrx_word' id='word_1_115' title='bbox 545 1611 779 1673; x_wconf 78' lang='lat' dir='ltr'><strong>finnare</strong></span> <span class='ocrx_word' id='word_1_116' title='bbox 803 1612 963 1669; x_wconf 88' lang='lat' dir='ltr'><strong>licet.</strong></span> <span class='ocrx_word' id='word_1_117' title='bbox 1048 1620 1244 1668; x_wconf 85' lang='lat' dir='ltr'><strong>metus</strong></span> <span class='ocrx_word' id='word_1_118' title='bbox 1286 1611 1486 1691; x_wconf 89' lang='lat' dir='ltr'><strong>itaque</strong></span> <span class='ocrx_word' id='word_1_119' title='bbox 1524 1621 1651 1668; x_wconf 86' lang='lat' dir='ltr'><strong>erat</strong></span> <span class='ocrx_word' id='word_1_120' title='bbox 1693 1631 1774 1669; x_wconf 86' lang='lat' dir='ltr'><strong>ex</strong></span> <span class='ocrx_word' id='word_1_121' title='bbox 1803 1613 2216 1690; x_wconf 83' lang='lat' dir='ltr'><strong>superstitione</strong></span> <span class='ocrx_word' id='word_1_122' title='bbox 2242 1612 2502 1689; x_wconf 87' lang='lat' dir='ltr'><strong>publica,</strong></span> 
     </span>
     <span class='ocr_line' id='line_1_15' title="bbox 323 1694 2502 1775; baseline 0 -20"><span class='ocrx_word' id='word_1_123' title='bbox 323 1719 401 1757; x_wconf 87' lang='lat' dir='ltr'><strong>ne</strong></span> <span class='ocrx_word' id='word_1_124' title='bbox 445 1699 867 1775; x_wconf 84' lang='lat' dir='ltr'><strong>compositione</strong></span> <span class='ocrx_word' id='word_1_125' title='bbox 919 1697 1181 1773; x_wconf 86' lang='lat' dir='ltr'><strong>partium</strong></span> <span class='ocrx_word' id='word_1_126' title='bbox 1228 1707 1552 1754; x_wconf 85' lang='lat' dir='ltr'><strong>memorata</strong></span> <span class='ocrx_word' id='word_1_127' title='bbox 1611 1694 1917 1774; x_wconf 85' lang='lat' dir='ltr'><strong>epitheton</strong></span> <span class='ocrx_word' id='word_1_128' title='bbox 1956 1695 2109 1754; x_wconf 88' lang='lat' dir='ltr'><strong>illud</strong></span> <span class='ocrx_word' id='word_1_129' title='bbox 2148 1706 2502 1775; x_wconf 87' lang='lat' dir='ltr'><strong>perpetuum</strong></span> 
     </span>
     <span class='ocr_line' id='line_1_16' title="bbox 322 1780 2501 1860; baseline -0.001 -18"><span class='ocrx_word' id='word_1_130' title='bbox 322 1780 624 1842; x_wconf 89' lang='lat' dir='ltr'><strong>mendacii</strong></span> <span class='ocrx_word' id='word_1_131' title='bbox 648 1782 891 1859; x_wconf 86' lang='lat' dir='ltr'><strong>alligare</strong></span> <span class='ocrx_word' id='word_1_132' title='bbox 919 1780 1121 1839; x_wconf 78' lang='lat' dir='ltr'><strong>vellet.</strong></span> <span class='ocrx_word' id='word_1_133' title='bbox 1210 1799 1391 1860; x_wconf 88' lang='lat' dir='ltr'><strong>quam</strong></span> <span class='ocrx_word' id='word_1_134' title='bbox 1421 1791 1625 1838; x_wconf 87' lang='lat' dir='ltr'><strong>autem</strong></span> <span class='ocrx_word' id='word_1_135' title='bbox 1651 1783 2058 1839; x_wconf 87' lang='lat' dir='ltr'><strong>ominosorum</strong></span> <span class='ocrx_word' id='word_1_136' title='bbox 2078 1781 2501 1839; x_wconf 81' lang='lat' dir='ltr'><strong>vocabulorum</strong></span> 
     </span>
     <span class='ocr_line' id='line_1_17' title="bbox 320 1863 2499 1942; baseline -0.002 -15"><span class='ocrx_word' id='word_1_137' title='bbox 320 1867 473 1927; x_wconf 87' lang='lat' dir='ltr'><strong>haec</strong></span> <span class='ocrx_word' id='word_1_138' title='bbox 503 1869 728 1942; x_wconf 89' lang='lat' dir='ltr'><strong>cautio,</strong></span> <span class='ocrx_word' id='word_1_139' title='bbox 794 1869 973 1924; x_wconf 88' lang='lat' dir='ltr'><strong>etiam</strong></span> <span class='ocrx_word' id='word_1_140' title='bbox 999 1867 1153 1924; x_wconf 87' lang='lat' dir='ltr'><strong>bene</strong></span> <span class='ocrx_word' id='word_1_141' title='bbox 1183 1863 1518 1923; x_wconf 82' lang='lat' dir='ltr'><strong>Christiano</strong></span> <span class='ocrx_word' id='word_1_142' title='bbox 1552 1885 1699 1924; x_wconf 74' lang='lat' dir='ltr'><strong>aevo</strong></span> <span class='ocrx_word' id='word_1_143' title='bbox 1718 1911 1735 1940; x_wconf 90' lang='lat'><strong>,</strong></span> <span class='ocrx_word' id='word_1_144' title='bbox 1777 1866 1959 1923; x_wconf 84' lang='lat' dir='ltr'><strong>fuerit</strong></span> <span class='ocrx_word' id='word_1_145' title='bbox 1986 1866 2259 1942; x_wconf 83' lang='lat' dir='ltr'><strong>religiose</strong></span> <span class='ocrx_word' id='word_1_146' title='bbox 2294 1867 2499 1925; x_wconf 86' lang='lat' dir='ltr'><strong>obser-</strong></span> 
     </span>
     <span class='ocr_line' id='line_1_18' title="bbox 322 1949 2497 2032; baseline -0.002 -19"><span class='ocrx_word' id='word_1_147' title='bbox 322 1965 476 2027; x_wconf 82' lang='lat' dir='ltr'><strong>vata,</strong></span> <span class='ocrx_word' id='word_1_148' title='bbox 521 1955 665 2011; x_wconf 89' lang='lat' dir='ltr'><strong>alibi</strong></span> <span class='ocrx_word' id='word_1_149' title='bbox 696 1952 989 2032; x_wconf 82' lang='lat' dir='ltr'><strong>exemplis</strong></span> <span class='ocrx_word' id='word_1_150' title='bbox 1015 1970 1050 2010; x_wconf 87' lang='lat' dir='ltr'><strong>a</strong></span> <span class='ocrx_word' id='word_1_151' title='bbox 1074 1951 1249 2010; x_wconf 86' lang='lat' dir='ltr'><strong>nobis</strong></span> <span class='ocrx_word' id='word_1_152' title='bbox 1279 1962 1505 2029; x_wconf 85' lang='lat' dir='ltr'><strong>agetur.</strong></span> <span class='ocrx_word' id='word_1_153' title='bbox 1594 1951 1667 2008; x_wconf 88' lang='lat' dir='ltr'><strong>ab</strong></span> <span class='ocrx_word' id='word_1_154' title='bbox 1696 1949 1812 2008; x_wconf 88' lang='lat' dir='ltr'><strong>hac</strong></span> <span class='ocrx_word' id='word_1_155' title='bbox 1843 1952 2113 2008; x_wconf 91' lang='lat' dir='ltr'><strong>cautione</strong></span> <span class='ocrx_word' id='word_1_156' title='bbox 2141 1971 2289 2009; x_wconf 80' lang='lat' dir='ltr'><strong>mox</strong></span> <span class='ocrx_word' id='word_1_157' title='bbox 2316 1954 2497 2010; x_wconf 86' lang='lat' dir='ltr'><strong>etiam</strong></span> 
     </span>
     <span class='ocr_line' id='line_1_19' title="bbox 321 2035 2496 2114; baseline -0.002 -16"><span class='ocrx_word' id='word_1_158' title='bbox 321 2038 523 2099; x_wconf 82' lang='lat' dir='ltr'><strong>subdit</strong></span> <span class='ocrx_word' id='word_1_159' title='bbox 556 2036 799 2096; x_wconf 74' lang='lat' dir='ltr'><strong>solidati</strong></span> <span class='ocrx_word' id='word_1_160' title='bbox 836 2038 1117 2114; x_wconf 70' lang='lat' dir='ltr'><strong>corporis,</strong></span> <span class='ocrx_word' id='word_1_161' title='bbox 1177 2046 1375 2113; x_wconf 88' lang='lat' dir='ltr'><strong>partes</strong></span> <span class='ocrx_word' id='word_1_162' title='bbox 1407 2037 1695 2093; x_wconf 87' lang='lat' dir='ltr'><strong>nimirum</strong></span> <span class='ocrx_word' id='word_1_163' title='bbox 1736 2038 1802 2092; x_wconf 90' lang='lat' dir='ltr'><strong>in</strong></span> <span class='ocrx_word' id='word_1_164' title='bbox 1835 2055 2027 2092; x_wconf 89' lang='lat' dir='ltr'><strong>unum</strong></span> <span class='ocrx_word' id='word_1_165' title='bbox 2069 2037 2192 2093; x_wconf 87' lang='lat' dir='ltr'><strong>iam</strong></span> <span class='ocrx_word' id='word_1_166' title='bbox 2237 2035 2496 2094; x_wconf 86' lang='lat' dir='ltr'><strong>solidum</strong></span> 
     </span>
     <span class='ocr_line' id='line_1_20' title="bbox 321 2119 2494 2195; baseline -0.002 -12"><span class='ocrx_word' id='word_1_167' title='bbox 321 2127 686 2183; x_wconf 74' lang='lat' dir='ltr'><strong>concrevisse</strong></span> <span class='ocrx_word' id='word_1_168' title='bbox 725 2133 1073 2195; x_wconf 84' lang='lat' dir='ltr'><strong>autumans,</strong></span> <span class='ocrx_word' id='word_1_169' title='bbox 1128 2141 1241 2177; x_wconf 88' lang='lat' dir='ltr'><strong>nec</strong></span> <span class='ocrx_word' id='word_1_170' title='bbox 1281 2119 1666 2179; x_wconf 77' lang='lat' dir='ltr'><strong>metuendam</strong></span> <span class='ocrx_word' id='word_1_171' title='bbox 1694 2122 2074 2179; x_wconf 88' lang='lat' dir='ltr'><strong>solutionem.</strong></span> <span class='ocrx_word' id='word_1_172' title='bbox 2164 2120 2494 2180; x_wconf 84' lang='lat' dir='ltr'><strong>eruditissi-</strong></span> 
     </span>
     <span class='ocr_line' id='line_1_21' title="bbox 319 2204 2496 2284; baseline -0.002 -17"><span class='ocrx_word' id='word_1_173' title='bbox 319 2231 453 2269; x_wconf 88' lang='lat' dir='ltr'><strong>mus</strong></span> <span class='ocrx_word' id='word_1_174' title='bbox 476 2211 624 2271; x_wconf 79' lang='lat' dir='ltr'><strong>olim</strong></span> <span class='ocrx_word' id='word_1_175' title='bbox 644 2212 870 2267; x_wconf 87' lang='lat' dir='ltr'><strong>amicus</strong></span> <span class='ocrx_word' id='word_1_176' title='bbox 892 2216 1094 2264; x_wconf 85' lang='lat' dir='ltr'><strong>noster</strong></span> <span class='ocrx_word' id='word_1_177' title='bbox 1121 2206 1315 2263; x_wconf 75' lang='lat' dir='ltr'><strong>solida</strong></span> <span class='ocrx_word' id='word_1_178' title='bbox 1339 2210 1402 2262; x_wconf 73' lang='lat' dir='ltr'><strong>vi</strong></span> <span class='ocrx_word' id='word_1_179' title='bbox 1425 2204 1751 2283; x_wconf 85' lang='lat' dir='ltr'><strong>legendum</strong></span> <span class='ocrx_word' id='word_1_180' title='bbox 1781 2215 2001 2264; x_wconf 86' lang='lat' dir='ltr'><strong>censet.</strong></span> <span class='ocrx_word' id='word_1_181' title='bbox 2086 2205 2257 2263; x_wconf 87' lang='lat' dir='ltr'><strong>nobis</strong></span> <span class='ocrx_word' id='word_1_182' title='bbox 2287 2208 2496 2284; x_wconf 86' lang='lat' dir='ltr'><strong>piacu-</strong></span> 
     </span>
     <span class='ocr_line' id='line_1_22' title="bbox 316 2288 2494 2370; baseline -0.003 -16"><span class='ocrx_word' id='word_1_183' title='bbox 316 2295 449 2354; x_wconf 87' lang='lat' dir='ltr'><strong>lum</strong></span> <span class='ocrx_word' id='word_1_184' title='bbox 495 2297 562 2351; x_wconf 83' lang='lat' dir='ltr'><strong>in</strong></span> <span class='ocrx_word' id='word_1_185' title='bbox 611 2295 940 2350; x_wconf 80' lang='lat' dir='ltr'><strong>mutatione</strong></span> <span class='ocrx_word' id='word_1_186' title='bbox 988 2308 1118 2349; x_wconf 78' lang='lat' dir='ltr'><strong>esse</strong></span> <span class='ocrx_word' id='word_1_187' title='bbox 1149 2288 1420 2364; x_wconf 80' lang='lat' dir='ltr'><strong>videtur,</strong></span> <span class='ocrx_word' id='word_1_188' title='bbox 1479 2293 1751 2370; x_wconf 79' lang='lat' dir='ltr'><strong>quamvis</strong></span> <span class='ocrx_word' id='word_1_189' title='bbox 1797 2294 1880 2348; x_wconf 88' lang='lat' dir='ltr'><strong>ita</strong></span> <span class='ocrx_word' id='word_1_190' title='bbox 1924 2291 2201 2370; x_wconf 87' lang='lat' dir='ltr'><strong>loquatur</strong></span> <span class='ocrx_word' id='word_1_191' title='bbox 2231 2293 2494 2349; x_wconf 80' lang='lat' dir='ltr'><strong>Ennius:</strong></span> 
     </span>
     <span class='ocr_line' id='line_1_23' title="bbox 320 2374 2496 2457; baseline -0.001 -21"><span class='ocrx_word' id='word_1_192' title='bbox 320 2401 444 2436; x_wconf 85' lang='lat' dir='ltr'><strong>rem</strong></span> <span class='ocrx_word' id='word_1_193' title='bbox 475 2388 744 2456; x_wconf 79' lang='lat' dir='ltr'><strong>repetunt</strong></span> <span class='ocrx_word' id='word_1_194' title='bbox 765 2396 1130 2455; x_wconf 82' lang='lat' dir='ltr'><strong>regnumque</strong></span> <span class='ocrx_word' id='word_1_195' title='bbox 1140 2386 1386 2457; x_wconf 80' lang='lat' dir='ltr'><strong>petunt,</strong></span> <span class='ocrx_word' id='word_1_196' title='bbox 1414 2375 1645 2434; x_wconf 66' lang='lat' dir='ltr'><strong>vadunt</strong></span> <span class='ocrx_word' id='word_1_197' title='bbox 1671 2376 1864 2434; x_wconf 76' lang='lat' dir='ltr'><strong>solida</strong></span> <span class='ocrx_word' id='word_1_198' title='bbox 1893 2378 1975 2433; x_wconf 70' lang='lat' dir='ltr'><strong>vi.</strong></span> <span class='ocrx_word' id='word_1_199' title='bbox 2027 2374 2133 2432; x_wconf 85' lang='lat' dir='ltr'><strong>sed</strong></span> <span class='ocrx_word' id='word_1_200' title='bbox 2161 2375 2315 2433; x_wconf 85' lang='lat' dir='ltr'><strong>illud</strong></span> <span class='ocrx_word' id='word_1_201' title='bbox 2342 2374 2496 2434; x_wconf 83' lang='lat' dir='ltr'><strong>nihil</strong></span> 
     </span>
     <span class='ocr_line' id='line_1_24' title="bbox 321 2461 1161 2522; baseline -0.005 0"><span class='ocrx_word' id='word_1_202' title='bbox 321 2463 400 2522; x_wconf 88' lang='lat' dir='ltr'><strong>ad</strong></span> <span class='ocrx_word' id='word_1_203' title='bbox 426 2461 589 2522; x_wconf 87' lang='lat' dir='ltr'><strong>hunc</strong></span> <span class='ocrx_word' id='word_1_204' title='bbox 610 2463 832 2521; x_wconf 88' lang='lat' dir='ltr'><strong>locum.</strong></span> <span class='ocrx_word' id='word_1_205' title='bbox 913 2465 1161 2520; x_wconf 52' lang='lat' dir='ltr'><strong>Biia-ru.</strong></span> 
     </span>
    </p>

    <p class='ocr_par' dir='ltr' id='par_1_4' title="bbox 322 2543 2496 2714">
     <span class='ocr_line' id='line_1_25' title="bbox 488 2543 2496 2626; baseline -0.001 -20"><span class='ocrx_word' id='word_1_206' title='bbox 488 2550 632 2612; x_wconf 88' lang='grc'><strong>198.</strong></span> <span class='ocrx_word' id='word_1_207' title='bbox 719 2549 898 2606; x_wconf 85' lang='lat' dir='ltr'><strong>etiam</strong></span> <span class='ocrx_word' id='word_1_208' title='bbox 943 2544 1043 2606; x_wconf 85' lang='lat' dir='ltr'><strong>hic</strong></span> <span class='ocrx_word' id='word_1_209' title='bbox 1083 2543 1327 2606; x_wconf 85' lang='lat' dir='ltr'><strong>delicias</strong></span> <span class='ocrx_word' id='word_1_210' title='bbox 1365 2546 1507 2606; x_wconf 86' lang='lat' dir='ltr'><strong>facit</strong></span> <span class='ocrx_word' id='word_1_211' title='bbox 1531 2547 1918 2626; x_wconf 86' lang='lat' dir='ltr'><strong>ambiguitate</strong></span> <span class='ocrx_word' id='word_1_212' title='bbox 1944 2546 2205 2605; x_wconf 86' lang='lat' dir='ltr'><strong>nominis</strong></span> <span class='ocrx_word' id='word_1_213' title='bbox 2237 2546 2496 2624; x_wconf 81' lang='lat' dir='ltr'><strong>Sapien-</strong></span> 
     </span>
     <span class='ocr_line' id='line_1_26' title="bbox 322 2631 2041 2714; baseline -0.001 -22"><span class='ocrx_word' id='word_1_214' title='bbox 322 2639 468 2707; x_wconf 81' lang='lat' dir='ltr'><strong>tiae,</strong></span> <span class='ocrx_word' id='word_1_215' title='bbox 510 2631 672 2714; x_wconf 87' lang='lat' dir='ltr'><strong>quod</strong></span> <span class='ocrx_word' id='word_1_216' title='bbox 699 2644 758 2691; x_wconf 85' lang='lat' dir='ltr'><strong>et</strong></span> <span class='ocrx_word' id='word_1_217' title='bbox 781 2635 1088 2712; x_wconf 86' lang='lat' dir='ltr'><strong>proprium</strong></span> <span class='ocrx_word' id='word_1_218' title='bbox 1119 2644 1178 2690; x_wconf 88' lang='lat' dir='ltr'><strong>et</strong></span> <span class='ocrx_word' id='word_1_219' title='bbox 1205 2634 1632 2712; x_wconf 77' lang='lat' dir='ltr'><strong>appellativum</strong></span> <span class='ocrx_word' id='word_1_220' title='bbox 1660 2643 1769 2692; x_wconf 82' lang='lat' dir='ltr'><strong>est.</strong></span> <span class='ocrx_word' id='word_1_221' title='bbox 1854 2636 2041 2692; x_wconf 71' lang='lat' dir='ltr'><strong>Rrrr.</strong></span> 
     </span>
    </p>

    <p class='ocr_par' dir='ltr' id='par_1_5' title="bbox 305 2715 2507 3477">
     <span class='ocr_line' id='line_1_27' title="bbox 484 2715 2494 2796; baseline 0 -20"><span class='ocrx_word' id='word_1_222' title='bbox 484 2723 630 2783; x_wconf 79' lang='lat'><strong>200.</strong></span> <span class='ocrx_word' id='word_1_223' title='bbox 713 2717 813 2776; x_wconf 90' lang='lat' dir='ltr'><strong>hic</strong></span> <span class='ocrx_word' id='word_1_224' title='bbox 868 2721 1049 2776; x_wconf 90' lang='lat' dir='ltr'><strong>etiam</strong></span> <span class='ocrx_word' id='word_1_225' title='bbox 1103 2720 1299 2776; x_wconf 89' lang='lat' dir='ltr'><strong>tineae</strong></span> <span class='ocrx_word' id='word_1_226' title='bbox 1347 2715 1668 2777; x_wconf 84' lang='lat' dir='ltr'><strong>dictionem</strong></span> <span class='ocrx_word' id='word_1_227' title='bbox 1706 2727 2071 2777; x_wconf 79' lang='lat' dir='ltr'><strong>arroserant:</strong></span> <span class='ocrx_word' id='word_1_228' title='bbox 2131 2736 2241 2796; x_wconf 88' lang='lat' dir='ltr'><strong>ego</strong></span> <span class='ocrx_word' id='word_1_229' title='bbox 2288 2720 2494 2796; x_wconf 78' lang='lat' dir='ltr'><strong>putavi</strong></span> 
     </span>
     <span class='ocr_line' id='line_1_28' title="bbox 315 2802 2496 2903; baseline -0.002 -39"><span class='ocrx_word' id='word_1_230' title='bbox 315 2804 726 2903; x_wconf 79' lang='lat' dir='ltr'><strong>reponendum</strong></span> <span class='ocrx_word' id='word_1_231' title='bbox 750 2803 885 2862; x_wconf 77' lang='lat' dir='ltr'><strong>sede</strong></span> <span class='ocrx_word' id='word_1_232' title='bbox 911 2802 1114 2861; x_wconf 73' lang='lat' dir='ltr'><strong>sedens</strong></span> <span class='ocrx_word' id='word_1_233' title='bbox 1139 2824 1282 2860; x_wconf 81' lang='lat' dir='ltr'><strong>una.</strong></span> <span class='ocrx_word' id='word_1_234' title='bbox 1374 2804 1486 2861; x_wconf 87' lang='lat' dir='ltr'><strong>Iul.</strong></span> <span class='ocrx_word' id='word_1_235' title='bbox 1508 2806 1733 2901; x_wconf 62' lang='lat' dir='ltr'><strong>Hygin.</strong></span> <span class='ocrx_word' id='word_1_236' title='bbox 1758 2806 1996 2863; x_wconf 84' lang='lat' dir='ltr'><strong>Astron.</strong></span> <span class='ocrx_word' id='word_1_237' title='bbox 2030 2809 2222 2881; x_wconf 64' lang='lat' dir='ltr'><strong>poet..</strong></span> <span class='ocrx_word' id='word_1_238' title='bbox 2261 2803 2496 2860; x_wconf 72' lang='grc' dir='ltr'><em>Οαεείο-</em></span> 
     </span>
     <span class='ocr_line' id='line_1_29' title="bbox 305 2887 2507 2970; baseline -0.001 -22"><span class='ocrx_word' id='word_1_239' title='bbox 305 2912 429 2970; x_wconf 82' lang='lat' dir='ltr'><strong>pea</strong></span> <span class='ocrx_word' id='word_1_240' title='bbox 455 2890 660 2948; x_wconf 74' lang='lat' dir='ltr'><strong>sedens</strong></span> <span class='ocrx_word' id='word_1_241' title='bbox 691 2891 757 2947; x_wconf 85' lang='lat' dir='ltr'><strong>in</strong></span> <span class='ocrx_word' id='word_1_242' title='bbox 783 2889 1134 2968; x_wconf 75' lang='lat' dir='ltr'><strong>seliquastro</strong></span> <span class='ocrx_word' id='word_1_243' title='bbox 1165 2887 1455 2947; x_wconf 80' lang='lat' dir='ltr'><strong>collocata</strong></span> <span class='ocrx_word' id='word_1_244' title='bbox 1482 2900 1593 2960; x_wconf 76' lang='lat' dir='ltr'><strong>est,</strong></span> <span class='ocrx_word' id='word_1_245' title='bbox 1625 2891 1795 2946; x_wconf 75' lang='lat' dir='ltr'><strong>cuius</strong></span> <span class='ocrx_word' id='word_1_246' title='bbox 1818 2889 2019 2947; x_wconf 55' lang='lat' dir='ltr'><strong>aediles</strong></span> <span class='ocrx_word' id='word_1_247' title='bbox 2047 2900 2103 2946; x_wconf 86' lang='lat' dir='ltr'><strong>et</strong></span> <span class='ocrx_word' id='word_1_248' title='bbox 2126 2890 2315 2966; x_wconf 72' lang='lat' dir='ltr'><strong>ipsius</strong></span> <span class='ocrx_word' id='word_1_249' title='bbox 2349 2888 2507 2945; x_wconf 71' lang='lat' dir='ltr'><strong>Ca⁸-&#39;</strong></span> 
     </span>
     <span class='ocr_line' id='line_1_30' title="bbox 313 2974 2496 3055; baseline -0.001 -22"><span class='ocrx_word' id='word_1_250' title='bbox 313 2979 567 3055; x_wconf 75' lang='lat' dir='ltr'><strong>siopeiae</strong></span> <span class='ocrx_word' id='word_1_251' title='bbox 585 2975 771 3055; x_wconf 77' lang='lat' dir='ltr'><strong>pedes</strong></span> <span class='ocrx_word' id='word_1_252' title='bbox 783 2977 970 3053; x_wconf 74' lang='lat' dir='ltr'><strong>positi</strong></span> <span class='ocrx_word' id='word_1_253' title='bbox 990 2985 1132 3032; x_wconf 72' lang='lat' dir='ltr'><strong>sunt</strong></span> <span class='ocrx_word' id='word_1_254' title='bbox 1155 2977 1221 3031; x_wconf 86' lang='lat' dir='ltr'><strong>in</strong></span> <span class='ocrx_word' id='word_1_255' title='bbox 1239 2977 1374 3051; x_wconf 67' lang='lat' dir='ltr'><strong>zpsa</strong></span> <span class='ocrx_word' id='word_1_256' title='bbox 1402 2975 1619 3032; x_wconf 74' lang='lat' dir='ltr'><strong>circuli</strong></span> <span class='ocrx_word' id='word_1_257' title='bbox 1643 2974 2146 3044; x_wconf 56' lang='lat' dir='ltr'><strong>circundat-tione,</strong></span> <span class='ocrx_word' id='word_1_258' title='bbox 2176 2976 2284 3053; x_wconf 80' lang='lat' dir='ltr'><strong>qui</strong></span> <span class='ocrx_word' id='word_1_259' title='bbox 2309 2976 2496 3030; x_wconf 66' lang='lat' dir='ltr'><strong>arcib-</strong></span> 
     </span>
     <span class='ocr_line' id='line_1_31' title="bbox 315 3057 2491 3140; baseline -0.002 -22"><span class='ocrx_word' id='word_1_260' title='bbox 315 3083 420 3118; x_wconf 71' lang='lat' dir='ltr'><strong>cus</strong></span> <span class='ocrx_word' id='word_1_261' title='bbox 449 3073 721 3135; x_wconf 52' lang='lat' dir='ltr'><strong>vocatum</strong></span> <span class='ocrx_word' id='word_1_262' title='bbox 764 3061 867 3118; x_wconf 90' lang='lat' dir='ltr'><strong>ubi</strong></span> <span class='ocrx_word' id='word_1_263' title='bbox 906 3058 1113 3119; x_wconf 86' lang='lat' dir='ltr'><strong>sedere</strong></span> <span class='ocrx_word' id='word_1_264' title='bbox 1158 3064 1220 3116; x_wconf 89' lang='lat' dir='ltr'><strong>in</strong></span> <span class='ocrx_word' id='word_1_265' title='bbox 1255 3061 1609 3140; x_wconf 85' lang='lat' dir='ltr'><strong>seliquastro</strong></span> <span class='ocrx_word' id='word_1_266' title='bbox 1650 3059 1815 3118; x_wconf 88' lang='lat' dir='ltr'><strong>idem</strong></span> <span class='ocrx_word' id='word_1_267' title='bbox 1861 3072 1950 3119; x_wconf 83' lang='lat' dir='ltr'><strong>est</strong></span> <span class='ocrx_word' id='word_1_268' title='bbox 1993 3070 2169 3140; x_wconf 86' lang='lat' dir='ltr'><strong>atque</strong></span> <span class='ocrx_word' id='word_1_269' title='bbox 2212 3061 2276 3115; x_wconf 89' lang='lat' dir='ltr'><strong>in</strong></span> <span class='ocrx_word' id='word_1_270' title='bbox 2313 3057 2491 3117; x_wconf 87' lang='lat' dir='ltr'><strong>sede:</strong></span> 
     </span>
     <span class='ocr_line' id='line_1_32' title="bbox 316 3142 2487 3227; baseline -0.002 -23"><span class='ocrx_word' id='word_1_271' title='bbox 316 3166 456 3205; x_wconf 89' lang='lat' dir='ltr'><strong>nam</strong></span> <span class='ocrx_word' id='word_1_272' title='bbox 494 3147 914 3227; x_wconf 75' lang='lat' dir='ltr'><strong>seliquastrum</strong></span> <span class='ocrx_word' id='word_1_273' title='bbox 965 3143 1151 3204; x_wconf 85' lang='lat' dir='ltr'><strong>sedile</strong></span> <span class='ocrx_word' id='word_1_274' title='bbox 1197 3155 1286 3202; x_wconf 80' lang='lat' dir='ltr'><strong>est</strong></span> <span class='ocrx_word' id='word_1_275' title='bbox 1332 3147 1506 3205; x_wconf 81' lang='lat' dir='ltr'><strong>Festo</strong></span> <span class='ocrx_word' id='word_1_276' title='bbox 1556 3157 1615 3205; x_wconf 91' lang='lat' dir='ltr'><strong>et</strong></span> <span class='ocrx_word' id='word_1_277' title='bbox 1654 3149 1903 3206; x_wconf 86' lang='lat' dir='ltr'><strong>Varroni</strong></span> <span class='ocrx_word' id='word_1_278' title='bbox 1946 3144 1988 3206; x_wconf 81' lang='lat'>4</span> <span class='ocrx_word' id='word_1_279' title='bbox 2030 3142 2104 3202; x_wconf 90' lang='lat' dir='ltr'><strong>de</strong></span> <span class='ocrx_word' id='word_1_280' title='bbox 2156 3145 2305 3221; x_wconf 87' lang='lat' dir='ltr'><strong>ling.</strong></span> <span class='ocrx_word' id='word_1_281' title='bbox 2356 3146 2487 3200; x_wconf 85' lang='lat' dir='ltr'><strong>Lat.</strong></span> 
     </span>
     <span class='ocr_line' id='line_1_33' title="bbox 314 3229 2491 3308; baseline -0 -21"><span class='ocrx_word' id='word_1_282' title='bbox 314 3233 593 3292; x_wconf 58' lang='lat' dir='ltr'><strong>Dum-sm.</strong></span> <span class='ocrx_word' id='word_1_283' title='bbox 679 3235 946 3290; x_wconf 82' lang='lat' dir='ltr'><strong>maxime</strong></span> <span class='ocrx_word' id='word_1_284' title='bbox 978 3248 1236 3307; x_wconf 83' lang='lat' dir='ltr'><strong>congrua</strong></span> <span class='ocrx_word' id='word_1_285' title='bbox 1264 3240 1352 3286; x_wconf 85' lang='lat' dir='ltr'><strong>est</strong></span> <span class='ocrx_word' id='word_1_286' title='bbox 1379 3232 1711 3289; x_wconf 87' lang='lat' dir='ltr'><strong>coniectura</strong></span> <span class='ocrx_word' id='word_1_287' title='bbox 1736 3230 2003 3308; x_wconf 85' lang='lat' dir='ltr'><strong>Assagrii</strong></span> <span class='ocrx_word' id='word_1_288' title='bbox 2031 3230 2314 3307; x_wconf 86' lang='lat' dir='ltr'><strong>legentis:</strong></span> <span class='ocrx_word' id='word_1_289' title='bbox 2358 3229 2491 3286; x_wconf 74' lang='lat' dir='ltr'><strong>sede</strong></span> 
     </span>
     <span class='ocr_line' id='line_1_34' title="bbox 315 3312 2486 3393; baseline 0 -20"><span class='ocrx_word' id='word_1_290' title='bbox 315 3315 521 3374; x_wconf 68' lang='lat' dir='ltr'><strong>sedens</strong></span> <span class='ocrx_word' id='word_1_291' title='bbox 554 3340 695 3375; x_wconf 81' lang='lat' dir='ltr'><strong>una.</strong></span> <span class='ocrx_word' id='word_1_292' title='bbox 787 3316 949 3374; x_wconf 86' lang='lat' dir='ltr'><strong>idem</strong></span> <span class='ocrx_word' id='word_1_293' title='bbox 973 3324 1374 3373; x_wconf 80' lang='lat' dir='ltr'><strong>commentum</strong></span> <span class='ocrx_word' id='word_1_294' title='bbox 1404 3315 1517 3372; x_wconf 82' lang='lat' dir='ltr'><strong>sibi</strong></span> <span class='ocrx_word' id='word_1_295' title='bbox 1544 3325 1603 3372; x_wconf 85' lang='lat' dir='ltr'><strong>et</strong></span> <span class='ocrx_word' id='word_1_296' title='bbox 1628 3316 2012 3393; x_wconf 84' lang='lat' dir='ltr'><strong>Dempsterus</strong></span> <span class='ocrx_word' id='word_1_297' title='bbox 2043 3312 2305 3374; x_wconf 80' lang='lat' dir='ltr'><strong>vindicat</strong></span> <span class='ocrx_word' id='word_1_298' title='bbox 2335 3332 2486 3392; x_wconf 84' lang='lat' dir='ltr'><strong>gau-</strong></span> 
     </span>
     <span class='ocr_line' id='line_1_35' title="bbox 319 3399 2384 3477; baseline -0.001 -20"><span class='ocrx_word' id='word_1_299' title='bbox 319 3399 526 3460; x_wconf 86' lang='lat' dir='ltr'><strong>demus</strong></span> <span class='ocrx_word' id='word_1_300' title='bbox 557 3401 629 3459; x_wconf 89' lang='lat' dir='ltr'><strong>de</strong></span> <span class='ocrx_word' id='word_1_301' title='bbox 660 3422 944 3461; x_wconf 84' lang='lat' dir='ltr'><strong>concursu</strong></span> <span class='ocrx_word' id='word_1_302' title='bbox 969 3401 1067 3459; x_wconf 80' lang='lat' dir='ltr'><strong>vel</strong></span> <span class='ocrx_word' id='word_1_303' title='bbox 1099 3400 1468 3458; x_wconf 87' lang='lat' dir='ltr'><strong>concinentia</strong></span> <span class='ocrx_word' id='word_1_304' title='bbox 1492 3400 1690 3477; x_wconf 88' lang='lat' dir='ltr'><strong>potius</strong></span> <span class='ocrx_word' id='word_1_305' title='bbox 1715 3399 2090 3458; x_wconf 86' lang='lat' dir='ltr'><strong>iudiciorum.</strong></span> <span class='ocrx_word' id='word_1_306' title='bbox 2136 3402 2384 3458; x_wconf 71' lang='lat' dir='ltr'><strong>BAnrn.</strong></span> 
     </span>
    </p>

    <p class='ocr_par' dir='ltr' id='par_1_6' title="bbox 302 3481 2497 3821">
     <span class='ocr_line' id='line_1_36' title="bbox 482 3481 2486 3564; baseline -0.005 -16"><span class='ocrx_word' id='word_1_307' title='bbox 482 3490 626 3550; x_wconf 78' lang='lat'><strong>201.</strong></span> <span class='ocrx_word' id='word_1_308' title='bbox 709 3485 828 3544; x_wconf 90' lang='lat' dir='ltr'><strong>huc</strong></span> <span class='ocrx_word' id='word_1_309' title='bbox 863 3487 990 3544; x_wconf 88' lang='lat' dir='ltr'><strong>fere</strong></span> <span class='ocrx_word' id='word_1_310' title='bbox 1025 3487 1321 3564; x_wconf 86' lang='lat' dir='ltr'><strong>pertinent</strong></span> <span class='ocrx_word' id='word_1_311' title='bbox 1363 3483 1543 3541; x_wconf 76' lang='lat' dir='ltr'><strong>verba</strong></span> <span class='ocrx_word' id='word_1_312' title='bbox 1578 3481 1820 3541; x_wconf 86' lang='lat' dir='ltr'><strong>Arcadii</strong></span> <span class='ocrx_word' id='word_1_313' title='bbox 1866 3494 1925 3540; x_wconf 85' lang='lat' dir='ltr'><strong>et</strong></span> <span class='ocrx_word' id='word_1_314' title='bbox 1965 3486 2209 3541; x_wconf 86' lang='lat' dir='ltr'><strong>Honorii</strong></span> <span class='ocrx_word' id='word_1_315' title='bbox 2252 3486 2315 3538; x_wconf 90' lang='lat' dir='ltr'><strong>in</strong></span> <span class='ocrx_word' id='word_1_316' title='bbox 2356 3485 2399 3538; x_wconf 90' lang='lat' dir='ltr'><strong>l.</strong></span> <span class='ocrx_word' id='word_1_317' title='bbox 2446 3486 2486 3547; x_wconf 86' lang='lat'>5</span> 
     </span>
     <span class='ocr_line' id='line_1_37' title="bbox 313 3569 2490 3651; baseline -0.003 -22"><span class='ocrx_word' id='word_1_318' title='bbox 313 3571 502 3651; x_wconf 86' lang='lat' dir='ltr'><strong>princ.</strong></span> <span class='ocrx_word' id='word_1_319' title='bbox 541 3569 685 3629; x_wconf 79' lang='lat' dir='ltr'><strong>eod.</strong></span> <span class='ocrx_word' id='word_1_320' title='bbox 722 3569 800 3629; x_wconf 88' lang='lat' dir='ltr'><strong>ad</strong></span> <span class='ocrx_word' id='word_1_321' title='bbox 844 3573 964 3650; x_wconf 89' lang='lat' dir='ltr'><strong>leg.</strong></span> <span class='ocrx_word' id='word_1_322' title='bbox 1005 3572 1117 3628; x_wconf 84' lang='lat' dir='ltr'><strong>Iul.</strong></span> <span class='ocrx_word' id='word_1_323' title='bbox 1162 3570 1432 3627; x_wconf 85' lang='lat' dir='ltr'><strong>Maiest.:</strong></span> <span class='ocrx_word' id='word_1_324' title='bbox 1475 3579 1813 3626; x_wconf 70' lang='lat' dir='ltr'><strong>senatorum</strong></span> <span class='ocrx_word' id='word_1_325' title='bbox 1843 3570 2046 3625; x_wconf 78' lang='lat' dir='ltr'><strong>etiam:</strong></span> <span class='ocrx_word' id='word_1_326' title='bbox 2093 3587 2237 3623; x_wconf 83' lang='lat' dir='ltr'><strong>nam</strong></span> <span class='ocrx_word' id='word_1_327' title='bbox 2278 3577 2335 3621; x_wconf 82' lang='lat' dir='ltr'><strong>et</strong></span> <span class='ocrx_word' id='word_1_328' title='bbox 2370 3569 2490 3643; x_wconf 76' lang='lat' dir='ltr'><strong>ipsi</strong></span> 
     </span>
     <span class='ocr_line' id='line_1_38' title="bbox 302 3652 2497 3735; baseline -0 -22"><span class='ocrx_word' id='word_1_329' title='bbox 302 3678 457 3734; x_wconf 76' lang='lat' dir='ltr'><strong>pars</strong></span> <span class='ocrx_word' id='word_1_330' title='bbox 489 3659 747 3735; x_wconf 71' lang='lat' dir='ltr'><strong>corporis</strong></span> <span class='ocrx_word' id='word_1_331' title='bbox 774 3658 960 3714; x_wconf 77' lang='lat' dir='ltr'><strong>nostri</strong></span> <span class='ocrx_word' id='word_1_332' title='bbox 982 3666 1140 3714; x_wconf 78' lang='lat' dir='ltr'><strong>sunt.</strong></span> <span class='ocrx_word' id='word_1_333' title='bbox 1235 3664 1293 3713; x_wconf 91' lang='lat' dir='ltr'><strong>et</strong></span> <span class='ocrx_word' id='word_1_334' title='bbox 1317 3652 1434 3713; x_wconf 91' lang='lat' dir='ltr'><strong>hoc</strong></span> <span class='ocrx_word' id='word_1_335' title='bbox 1458 3674 1717 3735; x_wconf 90' lang='lat' dir='ltr'><strong>quoque,</strong></span> <span class='ocrx_word' id='word_1_336' title='bbox 1760 3654 1851 3711; x_wconf 89' lang='lat' dir='ltr'><strong>uti</strong></span> <span class='ocrx_word' id='word_1_337' title='bbox 1877 3654 1994 3709; x_wconf 88' lang='lat' dir='ltr'><strong>alia</strong></span> <span class='ocrx_word' id='word_1_338' title='bbox 2024 3653 2215 3730; x_wconf 86' lang='lat' dir='ltr'><strong>plura,</strong></span> <span class='ocrx_word' id='word_1_339' title='bbox 2261 3663 2340 3708; x_wconf 79' lang='lat' dir='ltr'><strong>e‘x</strong></span> <span class='ocrx_word' id='word_1_340' title='bbox 2369 3652 2497 3712; x_wconf 70' lang='grc' dir='ltr'><strong>(ζό-Δ</strong></span> 
     </span>
     <span class='ocr_line' id='line_1_39' title="bbox 311 3738 2033 3824; baseline -0.001 -26"><span class='ocrx_word' id='word_1_341' title='bbox 311 3742 494 3824; x_wconf 89' lang='lat' dir='ltr'><strong>rippo</strong></span> <span class='ocrx_word' id='word_1_342' title='bbox 509 3744 773 3801; x_wconf 84' lang='lat' dir='ltr'><strong>imitatus</strong></span> <span class='ocrx_word' id='word_1_343' title='bbox 803 3752 894 3800; x_wconf 89' lang='lat' dir='ltr'><strong>est</strong></span> <span class='ocrx_word' id='word_1_344' title='bbox 920 3738 1206 3800; x_wconf 84' lang='lat' dir='ltr'><strong>Gunther.</strong></span> <span class='ocrx_word' id='word_1_345' title='bbox 1233 3741 1504 3818; x_wconf 82' lang='lat' dir='ltr'><strong>Ligurini</strong></span> <span class='ocrx_word' id='word_1_346' title='bbox 1537 3740 1577 3804; x_wconf 86' lang='lat'><em>5</em></span> <span class='ocrx_word' id='word_1_347' title='bbox 1603 3739 1707 3803; x_wconf 76' lang='lat'><strong>48·</strong></span> <span class='ocrx_word' id='word_1_348' title='bbox 1791 3741 2033 3798; x_wconf 69' lang='lat' dir='ltr'><strong>Voncx.</strong></span> 
     </span>
    </p>

    <p class='ocr_par' dir='ltr' id='par_1_7' title="bbox 303 3820 2491 4476">
     <span class='ocr_line' id='line_1_40' title="bbox 478 3820 2486 3907; baseline -0.004 -18"><span class='ocrx_word' id='word_1_349' title='bbox 478 3831 621 3892; x_wconf 78' lang='lat'><strong>202</strong></span> <span class='ocrx_word' id='word_1_350' title='bbox 708 3849 813 3888; x_wconf 67' lang='lat' dir='ltr'><strong>vos</strong></span> <span class='ocrx_word' id='word_1_351' title='bbox 836 3827 1116 3907; x_wconf 77' lang='lat' dir='ltr'><strong>brachia]</strong></span> <span class='ocrx_word' id='word_1_352' title='bbox 1164 3847 1199 3884; x_wconf 92' lang='lat' dir='ltr'><strong>a</strong></span> <span class='ocrx_word' id='word_1_353' title='bbox 1225 3826 1399 3885; x_wconf 85' lang='lat' dir='ltr'><strong>rebus</strong></span> <span class='ocrx_word' id='word_1_354' title='bbox 1425 3827 1650 3885; x_wconf 85' lang='lat' dir='ltr'><strong>scilicet</strong></span> <span class='ocrx_word' id='word_1_355' title='bbox 1674 3827 1855 3905; x_wconf 79' lang='lat' dir='ltr'><strong>gestis</strong></span> <span class='ocrx_word' id='word_1_356' title='bbox 1883 3835 1983 3883; x_wconf 88' lang='lat' dir='ltr'><strong>aut</strong></span> <span class='ocrx_word' id='word_1_357' title='bbox 2014 3820 2310 3902; x_wconf 83' lang='lat' dir='ltr'><strong>gerendis.</strong></span> <span class='ocrx_word' id='word_1_358' title='bbox 2397 3825 2486 3882; x_wconf 87' lang='lat' dir='ltr'><strong>sic</strong></span> 
     </span>
     <span class='ocr_line' id='line_1_41' title="bbox 312 3909 2490 3993; baseline -0.001 -25"><span class='ocrx_word' id='word_1_359' title='bbox 312 3911 580 3968; x_wconf 74' lang='lat' dir='ltr'><strong>dexterae</strong></span> <span class='ocrx_word' id='word_1_360' title='bbox 627 3915 966 3993; x_wconf 80' lang='lat' dir='ltr'><strong>principum</strong></span> <span class='ocrx_word' id='word_1_361' title='bbox 1028 3910 1304 3971; x_wconf 87' lang='lat' dir='ltr'><strong>dicuntur</strong></span> <span class='ocrx_word' id='word_1_362' title='bbox 1364 3913 1623 3970; x_wconf 86' lang='lat' dir='ltr'><strong>ministri</strong></span> <span class='ocrx_word' id='word_1_363' title='bbox 1672 3909 2186 3991; x_wconf 87' lang='lat' dir='ltr'><strong>praestantissimi.</strong></span> <span class='ocrx_word' id='word_1_364' title='bbox 2284 3919 2490 3966; x_wconf 85' lang='lat' dir='ltr'><strong>auctor</strong></span> 
     </span>
     <span class='ocr_line' id='line_1_42' title="bbox 312 3994 2489 4076; baseline -0.001 -25"><span class='ocrx_word' id='word_1_365' title='bbox 312 3996 611 4073; x_wconf 82' lang='lat' dir='ltr'><strong>Elegiae</strong></span> <span class='ocrx_word' id='word_1_366' title='bbox 593 4016 656 4052; x_wconf 88' lang='lat' dir='ltr'><strong>m</strong></span> <span class='ocrx_word' id='word_1_367' title='bbox 687 3999 914 4057; x_wconf 90' lang='lat' dir='ltr'><strong>obitum</strong></span> <span class='ocrx_word' id='word_1_368' title='bbox 940 3999 1332 4057; x_wconf 85' lang='lat' dir='ltr'><strong>Maecenatis:</strong></span> <span class='ocrx_word' id='word_1_369' title='bbox 1376 3999 1534 4076; x_wconf 75' lang='lat' dir='ltr'><strong>regis·</strong></span> <span class='ocrx_word' id='word_1_370' title='bbox 1567 4018 1699 4055; x_wconf 69' lang='lat' dir='ltr'><strong>eras</strong></span> <span class='ocrx_word' id='word_1_371' title='bbox 1719 4017 1914 4076; x_wconf 74' lang='lat' dir='ltr'><strong>genus</strong></span> <span class='ocrx_word' id='word_1_372' title='bbox 1931 3996 2199 4065; x_wconf 69' lang='lat' dir='ltr'><strong>Etrusci,</strong></span> <span class='ocrx_word' id='word_1_373' title='bbox 2244 4005 2309 4052; x_wconf 81' lang='lat' dir='ltr'><strong>tu</strong></span> <span class='ocrx_word' id='word_1_374' title='bbox 2339 3994 2489 4050; x_wconf 74' lang='lat' dir='ltr'><strong>Cae-</strong></span> 
     </span>
     <span class='ocr_line' id='line_1_43' title="bbox 312 4077 2490 4162; baseline -0.004 -20"><span class='ocrx_word' id='word_1_375' title='bbox 312 4082 467 4142; x_wconf 69' lang='lat' dir='ltr'><strong>satis</strong></span> <span class='ocrx_word' id='word_1_376' title='bbox 493 4079 646 4136; x_wconf 75' lang='lat' dir='ltr'><strong>almi</strong></span> <span class='ocrx_word' id='word_1_377' title='bbox 674 4081 935 4155; x_wconf 79' lang='lat' dir='ltr'><strong>dextera,</strong></span> <span class='ocrx_word' id='word_1_378' title='bbox 961 4085 1279 4143; x_wconf 81' lang='lat' dir='ltr'><strong>Romanae</strong></span> <span class='ocrx_word' id='word_1_379' title='bbox 1304 4092 1372 4140; x_wconf 76' lang='lat' dir='ltr'><strong>tu</strong></span> <span class='ocrx_word' id='word_1_380' title='bbox 1395 4083 1553 4162; x_wconf 74' lang='lat' dir='ltr'><strong>vigil</strong></span> <span class='ocrx_word' id='word_1_381' title='bbox 1574 4081 1740 4140; x_wconf 74' lang='lat' dir='ltr'><strong>urbis·</strong></span> <span class='ocrx_word' id='word_1_382' title='bbox 1769 4103 1919 4140; x_wconf 77' lang='lat' dir='ltr'><strong>eras.</strong></span> <span class='ocrx_word' id='word_1_383' title='bbox 2010 4082 2095 4140; x_wconf 84' lang='lat' dir='ltr'><strong>sic</strong></span> <span class='ocrx_word' id='word_1_384' title='bbox 2126 4077 2205 4137; x_wconf 88' lang='lat' dir='ltr'><strong>ad</strong></span> <span class='ocrx_word' id='word_1_385' title='bbox 2229 4081 2490 4158; x_wconf 89' lang='lat' dir='ltr'><strong>primum</strong></span> 
     </span>
     <span class='ocr_line' id='line_1_44' title="bbox 313 4162 2491 4246; baseline -0.002 -24"><span class='ocrx_word' id='word_1_386' title='bbox 313 4162 925 4244; x_wconf 76' lang='lat' dir='ltr'><strong>OfficiommAngliae</strong></span> <span class='ocrx_word' id='word_1_387' title='bbox 954 4167 1252 4228; x_wconf 83' lang='lat' dir='ltr'><strong>Iohannes</strong></span> <span class='ocrx_word' id='word_1_388' title='bbox 1266 4168 1755 4228; x_wconf 75' lang='lat' dir='ltr'><strong>sarisberiensis:</strong></span> <span class='ocrx_word' id='word_1_389' title='bbox 1794 4167 2143 4246; x_wconf 80' lang='lat' dir='ltr'><strong>Anglorum</strong></span> <span class='ocrx_word' id='word_1_390' title='bbox 2164 4166 2322 4245; x_wconf 74' lang='lat' dir='ltr'><strong>regis</strong></span> <span class='ocrx_word' id='word_1_391' title='bbox 2346 4164 2491 4220; x_wconf 77' lang='lat' dir='ltr'><strong>dex-</strong></span> 
     </span>
     <span class='ocr_line' id='line_1_45' title="bbox 311 4247 2487 4330; baseline -0.002 -26"><span class='ocrx_word' id='word_1_392' title='bbox 311 4259 439 4305; x_wconf 83' lang='lat' dir='ltr'><strong>tera</strong></span> <span class='ocrx_word' id='word_1_393' title='bbox 450 4247 645 4321; x_wconf 75' lang='lat' dir='ltr'><strong>firm</strong></span> <span class='ocrx_word' id='word_1_394' title='bbox 677 4249 834 4307; x_wconf 81' lang='lat' dir='ltr'><strong>boni.</strong></span> <span class='ocrx_word' id='word_1_395' title='bbox 914 4267 1127 4330; x_wconf 67' lang='lat' dir='ltr'><strong>pectus</strong></span> <span class='ocrx_word' id='word_1_396' title='bbox 1158 4274 1295 4314; x_wconf 91' lang='lat' dir='ltr'><strong>cum</strong></span> <span class='ocrx_word' id='word_1_397' title='bbox 1324 4272 1423 4311; x_wconf 87' lang='lat' dir='ltr'><strong>eos</strong></span> <span class='ocrx_word' id='word_1_398' title='bbox 1451 4263 1644 4329; x_wconf 82' lang='lat' dir='ltr'><strong>vocat,</strong></span> <span class='ocrx_word' id='word_1_399' title='bbox 1686 4254 1811 4313; x_wconf 77' lang='lat' dir='ltr'><strong>vim</strong></span> <span class='ocrx_word' id='word_1_400' title='bbox 1838 4254 2220 4312; x_wconf 88' lang='lat' dir='ltr'><strong>consiliorum</strong></span> <span class='ocrx_word' id='word_1_401' title='bbox 2247 4257 2487 4308; x_wconf 86' lang='lat' dir='ltr'><strong>senatus</strong></span> 
     </span>
     <span class='ocr_line' id='line_1_46' title="bbox 303 4333 2481 4476; baseline -0.002 -79"><span class='ocrx_word' id='word_1_402' title='bbox 303 4333 591 4476; x_wconf 49' lang='lat' dir='ltr'><strong>{ntelligit</strong></span> <span class='ocrx_word' id='word_1_403' title='bbox 609 4377 626 4410; x_wconf 90' lang='lat'>,</span> <span class='ocrx_word' id='word_1_404' title='bbox 701 4334 946 4396; x_wconf 76' lang='lat' dir='ltr'><strong>brachia</strong></span> <span class='ocrx_word' id='word_1_405' title='bbox 959 4381 986 4409; x_wconf 89' lang='lat'><em>,</em></span> <span class='ocrx_word' id='word_1_406' title='bbox 1050 4341 1227 4400; x_wconf 90' lang='lat' dir='ltr'><strong>robur</strong></span> <span class='ocrx_word' id='word_1_407' title='bbox 1271 4358 1470 4398; x_wconf 87' lang='lat' dir='ltr'><strong>rerum</strong></span> <span class='ocrx_word' id='word_1_408' title='bbox 1512 4337 1906 4417; x_wconf 86' lang='lat' dir='ltr'><strong>gerendarum</strong></span> <span class='ocrx_word' id='word_1_409' title='bbox 1952 4349 2131 4420; x_wconf 87' lang='lat' dir='ltr'><strong>atque</strong></span> <span class='ocrx_word' id='word_1_410' title='bbox 2177 4335 2481 4394; x_wconf 79' lang='lat' dir='ltr'><strong>bellicum·</strong></span> 
     </span>
    </p>

    <p class='ocr_par' dir='ltr' id='par_1_8' title="bbox 357 4436 549 4480">
     <span class='ocr_line' id='line_1_47' title="bbox 357 4436 549 4480; baseline 0 -3"><span class='ocrx_word' id='word_1_411' title='bbox 357 4436 549 4480; x_wconf 68' lang='lat' dir='ltr'><strong>,urru-</strong></span> 
     </span>
    </p>
   </div>
  </div>
 </body>
</html>
