3210 5200
709 445 907 493 xxxvn
1457 416 2130 485 MAZZUCCHELLII

702 590 981 671 prefatus
1027 586 1304 645 dontinus
1344 582 1873 663 Archiepiscopus.
1980 581 2296 661 Relinquit
2347 582 2630 640 Sacris-tie
2674 602 2893 660 supra-

711 693 929 768 scripte
972 689 1208 746 ecclesie
1254 686 1436 743 libros
1475 705 1614 742 suos
1653 686 1720 742 in
1757 684 2023 740 maxima
2056 704 2250 740 suma.
2349 684 2471 761 Qui
2490 684 2635 744 libri
2654 688 2895 763 repositi

713 802 854 850 sunt
904 793 971 847 in
1011 789 1264 847 libraria
1300 788 1488 865 ipsius
1506 785 1755 866 fabrice
1791 788 2056 842 existenti
2094 788 2159 841 in
2195 806 2402 863 campo
2433 798 2635 844 sancto
2654 787 2895 865 prefate

717 893 972 952 ecclesie.
1062 892 1146 946 Et
1180 899 1560 946 munerentur
1590 887 1850 966 Aluysio
1883 888 1956 945 de
1988 887 2053 943 la
2085 898 2275 943 strata
2314 908 2384 943 ex
2430 888 2748 945 ordinariis
2788 909 2894 944 su·-

707 994 1063 1074 prascrzptis
1095 989 1280 1047 libras
1312 991 1467 1048 <luas
1492 987 1689 1045 soldos
1719 998 1847 1045 octo
1877 982 2282 1065 imperialium
2309 987 2416 1045 lib.
2450 990 2546 1047 ΙΙ.
2580 1010 2659 1046 ss.
2701 989 2769 1046 V
2756 989 2876 1047 ΙΙΙ
2872 1032 2887 1044 .

719 1097 795 1154 de
822 1094 936 1152 hac
961 1091 1324 1150 bibliotheca
1354 1094 1419 1149 iu
1451 1109 1661 1169 campo
1697 1101 1899 1147 sancto
1930 1109 2115 1169 prope
2161 1090 2456 1168 templum
2488 1094 2684 1149 maius
2728 1093 2896 1149 exsi-

716 1198 894 1256 stenti
932 1195 1113 1251 aliam
1140 1198 1495 1252 memoriam
1526 1189 1679 1249 mihi
1707 1194 2000 1270 praestitit
2037 1190 2283 1272 quidam
2313 1191 2499 1266 liber,
2545 1194 2607 1248 in
2639 1211 2757 1272 quo
2785 1189 2898 1249 de-

714 1301 965 1376 scriptae
992 1298 1229 1353 fuerant
1260 1296 1682 1353 conventiones
1714 1305 2041 1353 contractus
2070 1304 2129 1351 et
2156 1294 2309 1350 aliae
2333 1290 2680 1351 huiusmodi
2703 1290 2898 1350 adno-

715 1402 968 1459 tationes
1020 1396 1100 1455 ad
1138 1400 1336 1475 ipsam
1377 1397 1668 1453 fabricam
1706 1399 2068 1474 pertinentes
2105 1398 2178 1454 ab
2213 1417 2369 1455 anno
2406 1392 2563 1460 1428
2596 1415 2785 1475 usque
2819 1393 2898 1452 ad

718 1500 905 1565 1489.
991 1501 1076 1557 ibi
1119 1499 1204 1555 fo.
1252 1502 1334 1561 29
1378 1500 1599 1574 legitur
1639 1495 1937 1576 quaedam
1983 1502 2294 1557 conventio
2343 1500 2497 1555 inter
2544 1500 2896 1576 magistrum

714 1599 1091 1681 Stephanum
1116 1598 1455 1656 Pandimnn
1479 1608 1538 1655 et
1556 1600 1934 1674 negotiorum
1963 1613 2227 1677 gestores
2256 1600 2612 1659 venerabilis
2638 1600 2894 1657 fabricae

705 1723 823 1783 pro
868 1723 995 1759 una
1024 1700 1301 1780 j'enestra
1346 1703 1534 1759 via-ea
1572 1699 1646 1756 ab
1685 1699 1792 1756 illo
1840 1698 2068 1776 fienda,
2112 1703 2218 1759 ubi
2257 1705 2414 1759 inter
2457 1702 2574 1758 alia
2605 1712 2776 1780 pacta
2806 1712 2897 1759 est

716 1808 899 1863 etiam
939 1822 1197 1883 sequens
1217 1847 1233 1879 ‚
1275 1820 1530 1882 nempe:
1575 1802 1728 1860 Item
1757 1812 1941 1879 pacto
1971 1814 2040 1859 ut
2058 1824 2244 1880 supra
2274 1803 2438 1881 quod
2458 1802 2654 1859 dictus
2678 1805 2897 1882 Magi-

714 1919 832 1965 ster
876 1905 1183 1986 Steffanus
1213 1908 1407 1984 possit
1444 1905 1538 1962 uti
1573 1924 1812 1962 camera
1851 1905 1964 1962 illa
2005 1927 2142 1963 cum
2164 1904 2433 1985 somello
2463 1913 2519 1959 et
2544 1903 2898 1961 utensilibus

715 2008 839 2065 illis
876 2009 943 2063 in
969 2027 1039 2064 ea
1065 2006 1441 2065 existentibus
1467 2027 1581 2086 que
1601 2016 1744 2064 sunt
1770 2006 1923 2065 dicte
1931 2007 2176 2088 fitbrice
2187 2049 2214 2077 ,
2258 2028 2371 2087 que
2403 2027 2638 2064 camera
2663 2009 2782 2064 sita
2809 2017 2898 2065 est

714 2113 781 2168 in
831 2130 1041 2187 campo
1079 2121 1284 2166 sancto
1339 2112 1529 2187 ipsius
1553 2109 1798 2190 fabrice
1842 2132 2027 2189 supra
2084 2109 2399 2167 librariam
2442 2109 2598 2166 dicte
2622 2107 2890 2187 fabrice.

712 2214 876 2292 prius
917 2222 1120 2269 tamen
1165 2213 1227 2269 in
1268 2213 1400 2290 ipso
1440 2212 1667 2291 templo
1708 2215 1922 2271 maiori
1963 2212 2235 2272 exstabat
2268 2209 2480 2269 eadem
2510 2208 2895 2286 bibliotheca,

711 2316 777 2371 in
823 2333 941 2393 qua
983 2315 1228 2391 repositi
1277 2313 1545 2389 fuerant,
1590 2316 1980 2393 probabiliter
2018 2318 2221 2375 statim
2260 2334 2329 2373 ao
2377 2314 2522 2373 obiit
2557 2315 2660 2371 ille
2691 2323 2895 2371 noster

712 2419 991 2489 antistes,
1038 2412 1271 2474 codices
1314 2416 1388 2473 ab
1428 2436 1499 2474 eo
1536 2418 1764 2493 relicti3
1814 2421 1971 2477 inter
1998 2439 2147 2499 quos
2177 2419 2428 2476 fortasse
2457 2415 2893 2475 enumeraban-

710 2530 810 2578 tur
838 2520 1021 2576 etiam
1047 2538 1172 2576 mss
1201 2520 1250 2575 1.
1280 2520 1351 2575 L.
1383 2517 1459 2576 de
1486 2521 1693 2579 Bonis.
1794 2522 2076 2604 equidem
2099 2520 2164 2580 id
2188 2518 2342 2579 mihi
2373 2530 2599 2579 constat
2630 2538 2710 2576 ex
2736 2518 2890 2576 libro

709 2641 805 2681 ms
851 2623 949 2679 cui
990 2622 1196 2679 titulus
1242 2632 1371 2680 est:
1433 2624 1524 2680 M
1522 2591 1747 2683 CCC&
1775 2627 2030 2683 secundo
2063 2623 2251 2682 Liber
2286 2633 2554 2700 copertus
2586 2620 2763 2678 rubro
2780 2620 2893 2699 se-

707 2733 1111 2779 ramentorum
1136 2741 1264 2777 cere
1286 2731 1465 2798 atque
1490 2723 1854 2782 diversorum
1880 2725 2224 2782 utensilium
2245 2726 2639 2800 spectantium
2649 2720 2894 2801 fabrice

708 2822 1220 2904 quamplurimum
1260 2823 1590 2879 venerande
1622 2825 2027 2903 Immenseque
2063 2825 2300 2881 ecclesie
2344 2825 2598 2902 virginis
2634 2823 2893 2901 gloriose

708 2928 808 2986 da·
819 2930 1129 3008 genum-is
1157 2927 1390 2986 donuae
1414 2931 1659 2985 meotis
1674 2929 2014 2988 Μεᾱὼιαηι·
2026 2930 2207 2988 Anni
2222 2930 2487 3008 predicti
2512 2897 2900 2988 Μοοοὸπ

708 3032 979 3088 incoatus
1006 3050 1119 3108 per
1160 3029 1443 3087 Teolclum
1475 3031 1548 3088 cle
1582 3029 1819 3087 scaldia
1846 3032 1972 3088 eius
2001 3044 2338 3112 sumptuose
2346 3030 2594 3112 fabrice
2620 3034 2892 3089 rationa-

710 3142 892 3189 torem
930 3151 972 3188 a
1013 3141 1183 3189 carta
1223 3152 1475 3212 quorum
1505 3115 2016 3211 firi-umentorum
2058 3157 2183 3193 cere
2224 3147 2280 3192 et
2321 3135 2664 3192 utensilium
2695 3136 2891 3192 existit

707 3234 1167 3292 admenistrator
1207 3235 1562 3311 caneparius
1603 3245 1783 3313 atque
1813 3235 2183 3315 gubernator
2219 3235 2555 3318 Alegrinus
2597 3237 2671 3295 de
2699 3235 2889 3316 gala-

704 3347 836 3394 rate
845 3334 1091 3416 fabrice
1109 3334 1349 3414 prefate
1375 3335 1623 3410 ofitialis
1649 3348 1716 3394 ut
1744 3336 1924 3416 Infia
1947 3341 2217 3398 ordinate
2241 3350 2297 3396 et
2322 3339 2506 3397 latius
2529 3340 2878 3396 continetur.

705 3435 824 3495 hoc
864 3447 1067 3495 autem
1101 3439 1166 3494 in
1203 3437 1357 3495 libro
1398 3438 1480 3497 fo.
1510 3442 1631 3504 323
1670 3437 1820 3498 haec
1842 3443 2150 3521 leguntur:
2196 3443 2496 3521 Magister
2520 3437 2886 3497 Are-tmolus

703 3539 778 3598 de
802 3540 1010 3596 sir-turi
1031 3539 1414 3619 Inzegnerius
1440 3550 1499 3597 et
1522 3542 1822 3622 Magister
1843 3566 1884 3601 a
1910 3545 2241 3624 lignamine
2268 3555 2379 3602 eto.
2424 3541 2592 3601 debet
2609 3540 2754 3599 dare
2764 3561 2883 3619 pro

705 3640 887 3699 corda
933 3661 1061 3698 una
1105 3645 1319 3720 canepi
1359 3664 1401 3701 a
1438 3644 1669 3701 rodella
1696 3646 1883 3704 eidem
1917 3649 2063 3706 data
2098 3657 2166 3704 ut
2196 3666 2383 3723 supra
2414 3645 2512 3702 die
2544 3645 2684 3702 XX
2687 3645 2754 3702 V
2744 3644 2864 3701 ΙΙΙ
2859 3686 2876 3700 .

701 3742 1045 3821 septembris
1053 3765 1171 3822 pro
1194 3746 1533 3823 opperando
1556 3749 1753 3824 ipsam
1765 3770 1884 3826 pro
1910 3770 2120 3826 oppere
2147 3748 2375 3806 cassiae
2398 3746 2675 3802 alziande
2695 3748 2761 3801 in
2785 3764 2885 3801 ec-

703 3846 885 3905 elesia
922 3846 1202 3925 predicta
1246 3846 1325 3906 ab
1370 3848 1566 3906 altare
1607 3852 1824 3908 Maius
1855 3871 2040 3929 usque
2068 3848 2158 3907 ad
2175 3848 2396 3906 sallam
2422 3846 2666 3905 librarie
2685 3848 2885 3924 posite

700 3950 768 4006 in
800 3952 964 4009 dista
992 3951 1240 4010 eeclesia
1268 3951 1343 4009 de
1381 3971 1585 4008 versus
1623 3972 1916 4032 arengum
1944 3954 2036 4009 uti
2060 3953 2387 4008 continetur
2412 3960 2524 4006 etc.
2609 3949 2882 4028 quinimo

701 4051 1007 4133 quondam
1043 4074 1188 4134 prae
1228 4054 1505 4112 manibus
1552 4051 1740 4111 habui
1790 4055 2012 4111 librum
2049 4051 2496 4130 pontificalem,
2538 4060 2606 4109 ut
2642 4060 2879 4126 vocant,

698 4156 937 4215 saeculo
967 4154 1045 4219 14
1076 4168 1419 4234 exaratum,
1469 4154 1572 4234 qui
1602 4173 1822 4212 nomen
1850 4174 1993 4234 prae
2030 4173 2095 4213 se
2123 4153 2352 4211 ferebat
2384 4171 2563 4231 supra
2593 4149 2737 4210 dieti
2763 4171 2878 4208 an-

698 4258 899 4318 tistitis
922 4261 1110 4317 nostri
1135 4260 1382 4317 Antonii
1411 4258 1486 4316 de
1511 4256 1760 4315 Salutiis
1782 4258 1872 4314 uti
1898 4257 2274 4335 possessoris,
2320 4258 2543 4336 quique
2570 4267 2878 4336 praeterea

696 4353 851 4420 hanc
881 4361 1064 4420 aliam
1089 4369 1296 4421 notam
1322 4358 1583 4421 habebat
1596 4376 1618 4420 ε
1669 4357 1822 4419 Sum
1845 4357 2112 4420 Ecclesie
2138 4357 2624 4420 Medsblanemis.
2715 4356 2876 4416 anti-
