3210 5200
1059 399 1620 474 IOHANNIDOS=
1644 405 1803 474 ΠΒ.
1851 407 1906 476 1.
2377 339 2392 358 ἰ
2470 415 2570 497 37

543 567 837 630 scintillas
863 576 1074 628 tenues
1102 589 1399 630 summam
1428 572 1747 652 spargebat
1770 573 1837 632 in
1865 571 2152 638 aethram.

544 675 732 750 surgit
761 681 820 729 et
848 669 912 727 in
940 669 1140 730 medio
1164 673 1354 731 fervet
1381 675 1504 731 iam
1529 676 1771 734 flamma
1793 676 2178 759 profundum,

376 777 501 840 880
541 777 744 834 omnia
775 774 1135 832 convolvens
1164 793 1482 832 succensae
1510 776 1720 835 robora
1747 787 1962 836 terrae.

541 878 733 935 uritur
760 875 921 933 alma
948 895 1121 954 seges
1150 875 1338 933 cultos
1365 886 1596 933 matura
1629 895 1740 954 per
1768 896 1965 957 agros,

540 980 734 1038 omnis
764 987 823 1036 et
849 980 1114 1056 augescit
1141 987 1507 1035 crescentem
1532 977 1845 1039 frondibus
1869 983 2075 1060 iguem

536 1081 743 1154 arbor,
790 1088 850 1137 et
876 1081 939 1136 in
972 1082 1231 1137 cinerem
1256 1097 1387 1137 sese
1415 1091 1767 1158 consumpta
1798 1084 2062 1143 resolvit.

537 1189 849 1247 >vertuntur
875 1183 1127 1240 miserae
1159 1181 1345 1238 caesis
1377 1200 1514 1237 cum
1539 1182 1766 1241 civibus
1794 1183 1994 1260 urbes,

376 1279 497 1345 885
540 1290 868 1362 cunctaque
896 1280 1149 1362 diruptis
1171 1282 1531 1361 conflagrant
1559 1285 1800 1342 moenia
1824 1286 2021 1347 tectis.

539 1380 685 1440 haut
712 1383 884 1442 aliter
909 1383 1224 1444 Phaethon
1252 1387 1478 1445 cunctis
1507 1406 1540 1444 e
1569 1387 1837 1465 partibus
1861 1390 2026 1448 orbis

535 1505 660 1543 non
689 1485 841 1543 bene
871 1505 1148 1545 concesso
1182 1484 1570 1545 succenderat
1599 1489 1800 1547 omnia
1831 1509 2030 1565 curru,

537 1587 957 1645 flammivomis
982 1595 1249 1665 raptatus
1273 1590 1475 1668 equis,
1514 1589 1581 1645 ni
1609 1589 1864 1649 fulmine
1891 1610 2130 1649 summo

538 1691 910 1768 omnipotens
937 1689 1200 1766 genitor,
1243 1698 1429 1748 terras
1453 1688 1799 1765 miseratus,
1844 1689 2091 1750 anhelos

368 1787 492 1855 840
534 1788 918 1850 disiunxisse-t
941 1807 1158 1869 equos,
1201 1791 1574 1871 restinguens
1601 1792 1845 1872 ignibus
1869 1793 2099 1871 ignem.

612 1893 855 1951 Exarsit
879 1887 1089 1948 ductor
1114 1891 1370 1951 miserae
1402 1913 1741 1954 succurrere
1771 1904 1984 1968 terrae,

529 1996 666 2075 plus
699 1994 871 2054 solita
897 1993 1119 2071 pietate
1150 1993 1413 2054 fremens
1430 2040 1447 2071 ,
1488 1997 1778 2077 largoque
1808 1997 2025 2074 rigavit

530 2098 720 2157 imbre
746 2114 952 2175 genas.
1038 2097 1224 2154 virtus
1260 2099 1447 2157 solitis
1476 2098 1748 2177 flagravit
1773 2100 1836 2154 in
1866 2099 2067 2173 armis,

530 2199 738 2278 iraque
764 2197 1115 2276 praecipites
1149 2196 1407 2257 dictabat
1437 2198 1682 2258 tendere
1708 2219 1947 2278 gressus

367 2298 488 2366 845
528 2303 591 2359 in
619 2298 852 2359 medios
888 2300 1132 2358 fluctus:
1175 2298 1453 2379 prohibet
1480 2312 1694 2360 natura
1726 2302 2030 2361 volentem

530 2414 592 2463 et
613 2405 791 2462 mista
819 2403 1035 2460 virtute
1066 2399 1278 2460 modus
1295 2445 1311 2476 ‚
1356 2422 1475 2484 quo
1510 2414 1722 2461 cuncta
1752 2402 2044 2482 regendo,

530 2505 733 2566 inclita
766 2524 903 2562 cum
926 2507 1126 2584 parvis
1158 2523 1455 2584 pensans,
1494 2506 1810 2563 commissa
1841 2507 2157 2585 gubernat.

530 2609 694 2668 ocius
721 2605 1008 2666 adductas
1037 2605 1117 2667 ad
1148 2609 1322 2666 litora
1348 2615 1574 2666 vertere
1600 2626 1810 2687 proras

530 2712 814 2790 imperat,
858 2721 917 2769 et
947 2721 1122 2769 notae
1152 2711 1344 2768 laetus
1373 2709 1655 2769 successit
1682 2728 1922 2768 arenae.

364 2814 488 2882 350
610 2816 812 2871 Litora
839 2813 1079 2892 Byzacii
1100 2811 1345 2891 paribus
1368 2830 1491 2891 non
1519 2812 1691 2869 alluit
1717 2810 1896 2871 undis

527 2916 795 2995 opposita
821 2914 1032 2971 tellure
1058 2914 1271 2971 salum.
1355 2933 1497 2992 pars
1518 2913 1714 2972 kenior
1741 2923 1912 2973 aestu

527 3020 709 3098 plana
735 3017 920 3090 iacet,
944 3017 1157 3075 ,curvis
1186 3017 1358 3074 statio
1386 3035 1664 3075 concessa
1686 3016 1922 3075 carinis.

525 3120 791 3179 efficiunt
824 3127 1028 3196 portus
1063 3117 1319 3174 nimium
1346 3115 1498 3175 vada
1523 3118 1686 3179 salsa
1715 3119 1974 3197 quietos.

525 3221 625 3282 hic
654 3224 744 3281 vis
775 3219 943 3279 nulla
973 3220 1113 3278 Noti
1142 3216 1409 3297 placidos
1440 3220 1726 3278 extollere
1759 3220 1976 3277 fluctus

360 3324 483 3391 855
523 3334 686 3383 mota
713 3330 940 3402 potest3
982 3318 1521 3401 ventus‚liquidum
1547 3341 1669 3389 non
1690 3322 1917 3397 territat
1939 3338 2184 3399 aequor.

526 3446 662 3506 pars
696 3424 897 3503 pelagi
930 3432 1241 3503 quassatur
1267 3422 1470 3502 aquis,
1516 3423 1796 3503 ripaeque
1827 3422 2102 3480 relabens
2163 3452 2168 3457 -

525 3527 891 3586 confractmn
917 3524 1174 3604 scopulis
1203 3524 1385 3603 latrat⁸
1402 3542 1601 3597 maret,
1646 3526 1849 3603 pervia
1873 3526 2036 3583 saxis
2077 3604 2080 3609 Ι

523 3627 685 3688 unda
712 3636 915 3702 sonat,
956 3628 1305 3705 nigramque
1336 3645 1515 3705 super
1543 3623 1893 3682 diffunditur
1924 3625 2144 3703 algam.

524 3730 647 3787 illic
672 3740 731 3787 et
755 3732 974 3793 Boreas
1001 3725 1265 3786 tumidus
1287 3730 1635 3808 graviorque
1661 3728 1933 3805 procellis
1985 3790 1988 3795 ³

354 3833 479 3897 360
521 3832 714 3892 Eurus
743 3833 816 3890 ab
845 3842 1112 3891 extremo
1145 3830 1503 3890 convolvunt
1531 3848 1786 3911 aequora
1813 3826 1999 3888 fundo
2019 3846 2040 3884 z

354 4013 453 4067 328
500 4013 677 4067 ethera
707 4015 757 4066 Τ
974 4015 1077 4069 329
1122 4024 1176 4065 et.
1219 4011 1303 4082 in]
1360 4011 1506 4067 ctiam
1558 4014 1609 4064 Τ
1807 4012 1910 4067 330
1958 4029 2030 4064 «m
2079 4007 2414 4063 comburens?
2470 4004 2530 4056 M

354 4081 455 4134 334
503 4084 699 4135 miserie
737 4084 788 4137 Τ
986 4084 1093 4139 836
1126 4089 1218 4135 aot
1259 4084 1311 4134 Τ
1510 4083 1615 4137 338
1647 4081 1697 4133 in
1739 4083 1811 4147 Τ,
1844 4088 1908 4133 ut
1945 4084 1979 4135 2
2015 4082 2100 4136 82.
2308 4077 2410 4129 340
2442 4090 2529 4126 rc·

351 4149 604 4218 stringens
651 4153 702 4204 Τ
934 4153 1035 4206 341
1094 4167 1336 4205 succurre
1386 4152 1437 4206 Τ
1667 4152 1769 4205 346
1828 4149 2003 4202 modus
2047 4148 2126 4209 12,
2175 4146 2372 4199 modum
2426 4144 2531 4194 ΤΜ

349 4217 453 4273 34⁸
489 4220 684 4283 ”effice
709 4221 759 4271 Τ
970 4221 1075 4274 350
1109 4219 1288 4273 bizacii
1311 4221 1362 4274 Τ
1570 4220 1668 4274 351
1708 4218 1865 4279 εαΙυιιι
1890 4220 1965 4287 h,
2002 4217 2168 4272 saltim
2192 4217 2266 4277 Τ,
2301 4230 2525 4296 quapro-

348 4295 466 4354 pter
488 4288 551 4339 M
570 4286 757 4342 tellure
779 4288 1016 4360 opposita
1038 4288 1224 4343 saltim.
1430 4288 1532 4345 352
1564 4297 1645 4343 est
1668 4305 1813 4342 cessa
1837 4289 1886 4343 Τ
2066 4286 2170 4342 353
2202 4282 2379 4337 mimus
2398 4280 2529 4333 salsa

353 4354 486 4410 unda
517 4357 577 4411 Τ.
