3210 5200
748 348 897 436 454
1346 363 1630 430 NOTAE
1676 362 1768 430 m
1815 347 2141 430 'mamm
2186 345 2284 428 ’τὶν

749 519 910 586 mum
942 547 1168 585 arcana
1180 524 1538 604 finimur-um
1564 525 1844 586 bonorum
1872 525 1992 584 dici
2017 536 2194 604 puto,
2239 543 2392 606 quae
2427 523 2676 585 obscure
2708 479 2938 583 osten-

750 622 872 670 tant
899 632 1006 669 seu
1029 612 1429 689 praefigurant
1455 611 1610 669 bona
1638 612 1855 669 futura.
1897 612 2093 669 Foue-
2174 629 2268 667 ms
2295 608 2481 667 dzaeit.

915 701 1059 759 271.
1148 693 1220 751 de
1268 691 1444 751 huius
1489 697 1698 773 templi
1740 705 2057 767 structura,
2099 694 2546 772 aliorumquea
2510 691 2928 751 alustiniano

753 791 1188 857 susceptorum,
1232 781 1490 835 Zonaras
1521 782 1841 857 Procopius
1875 789 1934 836 et
1960 738 2081 835 alii.
2166 780 2445 836 Dsmrsr.

683 933 693 944 ‚
922 859 1064 925 274.
1149 863 1513 941 mysterium]
1561 874 1761 921 contra
1790 864 1954 940 leges
1981 860 2327 941 prosodiaez
2368 863 2455 920 sic
2489 857 2743 928 idolum,
2789 880 2923 916 ere-

751 969 886 1004 mus
906 990 925 1016 ,
988 945 1227 1005 eeclesia
1240 989 1268 1017 ,
1326 947 1559 1026 aliaque
1618 948 1929 1005 innumera
1983 945 2146 1027 apud
2195 943 2585 1004 Prudentinm
2628 955 2690 1001 et
2737 945 2921 1006 alios.

753 1034 1031 1089 Dmxrsr.

923 1118 1067 1179 288.
1151 1116 1202 1173 si
1227 1112 1371 1173 fides
1392 1117 1704 1194 Anonymo
1719 1157 1736 1188 ,
1778 1115 2097 1193 imperator
2117 1114 2472 1172 lastinianus
2497 1112 2769 1176 absoluto
2793 1114 2916 1171 So-

754 1198 931 1278 phiae
961 1200 1184 1278 templo
1212 1200 1566 1257 exclamavit
1586 1217 1729 1278 prae
1755 1198 1971 1277 gaudio
2001 1199 2336 1256 exsultans·
2379 1199 2501 1253 vici
2524 1207 2578 1254 te
2598 1196 2913 1270 Salomon,-

755 1293 1170 1362 praetereaque
1205 1304 1237 1341 e
1267 1286 1504 1360 regione
1535 1281 1802 1340 eiusdem
1832 1284 2040 1360 templi
2069 1283 2402 1340 Salomonis
2431 1291 2686 1338 statuam
2711 1285 2911 1358 posuit

756 1366 907 1425 illud
951 1368 1398 1446 contemplantis
1438 1378 1495 1425 et
1532 1386 1715 1446 genas
1750 1369 1864 1426 sibi
1902 1368 2192 1447 carpentis
2228 1368 2399 1454 qnasi
2429 1363 2652 1424 doleret
2685 1385 2752 1424 se
2779 1385 2908 1426 esse

754 1463 1113 1531 superatum.
1198 1453 1393 1510 Foco.

922 1538 1065 1598 287.
1159 1536 1630 1614 Sophianarum]
1673 1532 1787 1593 hoc
1818 1542 1906 1590 est
1939 1530 2213 1607 aedium,
2259 1531 2334 1591 de
2366 1534 2581 1613 quibus
2608 1553 2786 1613 saepe
2814 1535 2924 1593 lo·-

758 1631 1023 1699 quuntur
1055 1632 1284 1679 veteres
1326 1623 1785 1699 Byzantium-nm
1825 1636 2022 1675 rernm
2062 1618 2404 1697 scriptores,
2464 1637 2601 1676 eum
2639 1621 2744 1676 alii
2782 1629 2908 1677 tmn

758 1708 1016 1763 Zonaras
1047 1707 1263 1762 Annal.
1299 1705 1379 1770 14
1424 1709 1520 1766 10.
1602 1707 1797 1761 Pom.

923 1790 1065 1850 288.
1140 1789 1441 1864 principis„
1469 1797 1551 1842 eet
1585 1787 1733 1844 haec
1771 1786 1919 1844 aetla
1960 1786 2082 1864 dei]
2129 1804 2279 1864 qnae
2312 1786 2432 1842 iam
2460 1782 2599 1842 inde
2626 1784 2703 1842 ad
2731 1785 2908 1843 linem

760 1890 947 1950 usqne
973 1867 1151 1928 huius
1180 1872 1316 1927 libri
1344 1872 1385 1934 4
1413 1880 1768 1948 sequuntur,
1814 1872 2010 1927 nescio
2045 1889 2304 1949 quonam
2330 1870 2489 1927 malo
2523 1871 2644 1927 sato
2665 1873 2748 1927 ita
2766 1880 2908 1929 sunt

759 1954 1056 2032 plerisque
1099 1955 1243 2011 locis
1289 1955 1621 2032 perturbata
1641 1998 1656 2028 ,
1697 1973 1819 2011 non
1851 1955 2054 2031 paucis
2082 1954 2320 2027 mutila,
2362 1963 2429 2010 nt
2453 1955 2760 2012 consultius
2783 1973 2902 2012 uo-

758 2039 852 2096 bis
887 2039 1065 2095 fuerit
1099 2039 1294 2096 omnia
1332 2037 1486 2111 fere,
1529 2050 1595 2095 ut
1639 2039 1853 2095 melius
1895 2037 2020 2094 fieri
2054 2040 2276 2115 potuit,
2316 2037 2522 2095 lectori
2561 2057 2894 2115 repraesen-

761 2133 908 2197 tare,
932 2141 1111 2203 qnam
1137 2122 1279 2179 dum
1305 2120 1514 2180 eadem
1540 2120 1870 2179 incredibili
1901 2124 2084 2177 animi
2105 2123 2287 2180 nostri
2311 2123 2662 2178 contentione
2686 2141 2889 2178 emen-

761 2206 902 2266 dare
929 2206 1253 2279 studemus,
1283 2207 1545 2264 fortassis
1574 2207 1931 2284 corruptiora
1961 2203 2156 2262 adhuc
2186 2206 2374 2262 multo
2403 2203 2662 2278 reddere,
2687 2225 2894 2284 quem-

760 2289 1084 2350 admodum
1107 2292 1402 2371 aliquibus
1427 2291 1562 2369 plus
1587 2292 1774 2348 nimio
1802 2308 1907 2347 sno
1929 2290 2167 2367 ingenio
2190 2287 2618 2364 confidentibus,
2630 2287 2905 2348 accidisse

759 2378 828 2436 in
856 2377 1064 2434 alienis
1095 2375 1394 2435 laboribus
1425 2385 1791 2453 compertum
1813 2384 1923 2431 est.
1963 2371 2073 2431 sed
2095 2383 2292 2429 tamen
2319 2392 2430 2430 nec
2458 2375 2695 2433 omnino
2726 2374 2910 2432 absti-

760 2480 903 2518 nere
945 2464 1280 2538 potuimus,
1322 2461 1464 2537 quin
1512 2462 1640 2537 pari
1677 2456 2016 2535 diligentia,
2059 2476 2175 2537 qna
2204 2459 2268 2514 in
2290 2459 2685 2535 superioribus
2707 2477 2908 2517 sumus

760 2547 887 2620 usi,
931 2546 1130 2625 aliqua
1158 2548 1357 2602 minus
1385 2541 1648 2600 difficilia
1677 2544 2122 2620 castigaremus,
2165 2541 2440 2622 reliquis,
2486 2560 2639 2623 quae
2673 2543 2908 2602 omnino

762 2631 1124 2687 curationem
1150 2629 1379 2686 nnllam
1408 2627 1755 2701 admittunt,
1799 2629 2087 2686 asteriscis
2113 2628 2496 2705 suprapositis
2526 2630 2697 2707 quasi
2725 2629 2910 2706 apici-

762 2714 871 2772 bus
900 2715 1217 2792 insignitis.
1254 2714 1438 2774 Rmz.
1520 2714 1866 2773 maluissem
1908 2712 2140 2789 legere,
2182 2719 2246 2769 nt
2280 2730 2372 2767 ms
2403 2709 2620 2769 codicis
2653 2714 2911 2790 vestigiis

760 2798 1021 2876 pressius
1060 2796 1466 2857 inhaeroemx:
1503 2798 1794 2875 principis
1818 2794 1963 2854 haec
1984 2806 2162 2872 atque
2183 2794 2330 2852 aula
2352 2796 2471 2869 dec}
2511 2804 2615 2852 aut
2639 2796 2790 2853 forte
2814 2816 2912 2853 re·—

762 2884 947 2939 ctins:
979 2883 1274 2957 praba-epis
1304 2882 1504 2951 aedes,
1547 2881 1696 2941 aula
1737 2880 1850 2945 dei.
1897 2881 2090 2943 Fuere.
2169 2881 2426 2959 pressius
2453 2876 2725 2938 inhaeret
2754 2878 2912 2961 quod

760 2967 885 3023 iam
910 2966 1233 3043 repositum
1263 2975 1373 3023 est.

929 3069 1076 3130 290.
1160 3063 1325 3141 inde]
1380 3060 1468 3120 ibi
1514 3063 1706 3120 fuerat
1756 3063 1819 3119 in
1870 3059 2126 3121 editione
2177 3064 2393 3143 priore.
2477 3063 2712 3142 reposui
2751 3065 2906 3123 iride.

761 3152 1044 3207 Dmsr.
1129 3167 1289 3204 error
1329 3156 1501 3204 natus
1546 3165 1628 3204 ex
1663 3148 1839 3205 notis.
1923 3150 1950 3203 ι’
1972 3158 2286 3229 utrumqne
2318 3162 2493 3227 saepe
2524 3150 2778 3206 librariis
2805 3160 2911 3224 est,

766 3242 827 3288 et
856 3230 943 3286 ihi
962 3238 1037 3287 et
1065 3230 1221 3287 inde.
1272 3232 1455 3288 Rrrr.
1539 3232 1832 3290 Meursius
1857 3232 1970 3289 loc.
1998 3234 2094 3293 cit.
2124 3230 2282 3291 hunc
2305 3253 2542 3292 versum
2565 3235 2629 3289 in
2660 3230 2910 3291 editione

760 3315 957 3372 Rnizii
984 3315 1259 3371 luxatum
1286 3325 1668 3390 esse-censet,
1718 3326 1777 3373 et
1802 3316 1952 3394 legit
1979 3316 2064 3373 ihi
2086 3337 2341 3395 namque
2359 3317 2673 3395 probatur.
2718 3318 2911 3376 Boeo.

931 3404 1077 3480 292}
1162 3416 1426 3474 restituta
1452 3416 1920 3496 interpunctione
1947 3420 2144 3480 omnia
2174 3414 2415 3477 clarent.
2496 3418 2694 3476 Foco.

930 3519 1071 3581 298.
1156 3520 1455 3596 praeclara
1507 3515 1870 3577 Christianae
1913 3529 1975 3576 et
2016 3517 2378 3576 orthodoxae
2425 3516 2564 3575 fidei
2607 3517 2911 3592 confessio,

766 3600 1163 3678 compluribus
1207 3604 1474 3662 versibus
1512 3604 1816 3682 exposita,
1857 3602 1937 3662 ad
1975 3622 2246 3662 normam
2279 3603 2535 3684 symboli
2575 3603 2840 3661 Nicaeni
2835 3613 2908 3661 et

767 3682 1284 3746 Chalcedonensis.
1367 3690 1551 3748 Rrrr.

931 3781 1074 3847 294.
1157 3806 1365 3849 sensus
1401 3796 1490 3845 est
1516 3788 1924 3866 perturbatior.
2007 3788 2274 3866 paullum
2304 3796 2530 3845 mutata
2555 3787 2807 3845 lectione
2826 3785 2910 3844 sic

767 3871 1255 3946 transposuerim:
1298 3872 1539 3948 spiritus
1582 3883 1638 3928 et
1675 3884 1917 3931 samma
1952 3872 2239 3940 subsistit,
2280 3873 2521 3929 ηωιιὶηε
2524 3871 2761 3949 fulget,
2801 3882 2911 3928 tres

764 3961 905 4096 ssmt
929 3972 1242 4029 personae,
1287 3954 1622 4014 substantia
1649 3958 1905 4016 creditur
1933 3977 2084 4028 maa,
2125 3967 2304 4037 utque
2317 3966 2497 4034 pater
2521 3956 2666 4014 deus
2690 3966 2774 4013 est
2801 3964 2905 4012 dc.

819 4054 1003 4095 oacx.

926 4128 1073 4207 295.
1160 4140 1691 4220 nontinasulgent]
1737 4141 1875 4221 quia
1903 4141 2184 4202 nimirum
2208 4142 2337 4221 ipsa
2356 4140 2598 4200 nomina
2623 4112 2914 4199 ostentant

768 4219 1102 4283 divinarum
1150 4243 1535 4302 personarum
1571 4228 1726 4285 inter
1766 4244 1829 4285 se
1875 4224 2308 4289 distinctionem
2351 4245 2418 4285 ac
2459 4226 2806 4284 relationem
2853 4222 2916 4281 iu
