3210 5200
865 336 1540 404 MAZZUCCHELLII
1586 339 2070 407 PRAEFATIO.
2451 361 2574 409 xm

362 514 569 570 lucem
598 498 920 586 profertur.
1013 502 1210 562 dicam
1253 507 1452 585 itaque
1498 507 1695 584 primo
1731 503 1807 563 de
1843 508 2133 583 poematis
2169 498 2348 565 huius
2382 526 2417 565 ει
2451 509 2569 567 Co-

367 617 542 691 rippo
582 608 899 687 compositi
947 609 1300 682 existentia3
1365 606 1581 665 deinde
1623 605 1696 666 de
1739 605 2069 682 codicibus,
2128 612 2229 687 qui
2271 608 2425 667 illud
2460 608 2570 667 de-

366 717 656 793 scriptum
698 707 1036 781 habebant,
1097 702 1289 786 deque
1322 713 1496 768 unico
1531 712 1669 768 Tuo
1700 711 2036 787 superstit13
2080 710 2462 787 postmodum
2492 712 2567 772 de

367 824 721 894 argumento
762 812 1058 890 poematis
1101 810 1287 888 ipsius
1330 821 1509 889 atque
1539 809 1615 867 de
1642 814 1897 869 utilitate
1932 832 2010 868 ex
2040 810 2251 869 eodem
2282 814 2566 890 capienda

370 919 726 996 praesertim
767 912 841 970 ad
877 911 1192 970 historiam
1234 910 1684 986 illustrandam,
1760 932 1830 991 ac
1872 923 2171 991 postremo
2220 912 2295 972 de
2341 918 2564 975 ratione

371 1039 561 1099 quam
583 1027 812 1074 secutus
845 1035 979 1071 sum
1004 1017 1066 1070 in
1103 1034 1172 1071 eo
1208 1012 1461 1071 edendo·

543 1121 866 1196 Corippum
905 1118 1209 1193 scripsisse
1253 1113 1368 1172 hoc
1410 1120 1625 1193 poema
1665 1117 1858 1172 fassus
1898 1126 1988 1172 est
2037 1114 2202 1174 idem
2254 1129 2458 1177 auctor
2498 1122 2562 1177 in

364 1224 724 1299 Fragmento
770 1219 922 1297 (sive
955 1214 1352 1296 dedicatione)
1400 1219 1700 1275 Carminis
1741 1219 1806 1274 in
1846 1218 2092 1275 laudem
2125 1221 2350 1278 Iuslini
2377 1222 2553 1302 Aug.

368 1324 656 1393 minoris,
700 1321 805 1377 ubi
833 1341 891 1377 v.
923 1320 1002 1384 35
1037 1322 1151 1376 ait:

621 1426 775 1504 quid
797 1422 1058 1501 Libycas
1075 1432 1282 1501 gentes
1299 1465 1321 1492 ,
1372 1424 1525 1501 quid
1556 1421 1792 1500 Syrtica
1802 1424 2042 1500 proella
2069 1424 2267 1483 dicam

625 1532 750 1585 iam
782 1526 951 1583 libris
984 1525 1272 1602 completa
1297 1524 1488 1581 meis?

365 1643 640 1688 attamen
681 1648 808 1686 non
857 1624 1061 1683 desunt
1101 1629 1205 1683 alii
1247 1637 1448 1685 testeS.
1545 1617 1767 1685 “testis
1806 1622 1936 1686 est'’
1991 1632 2153 1685 enim
2212 1629 2318 1707 (ut
2364 1630 2558 1690 verbis

366 1744 510 1790 utar
541 1733 700 1789 Petri
732 1731 1021 1786 Francisci
1051 1730 1326 1807 Fogginii
1366 1734 1430 1787 iu
1472 1729 1860 1805 Praefiztione
1900 1730 1976 1788 ad
2018 1752 2193 1789 sumn
2234 1734 2557 1810 Cot-ippum

362 1857 427 1914 p.
466 1834 584 1911 11)
623 1825 878 1889 “auctor
907 1852 1274 1910 anonymus,
1324 1834 1426 1913 qui
1458 1833 1914 1890 cresconianam
1944 1835 2352 1892 collectionem
2385 1844 2554 1892 vete-

356 1956 496 1993 rum
528 1952 823 1993 canonum
853 1936 1089 2014 aliaque
1117 1937 1226 1994 SS.
1251 1947 1490 2015 patrum
1515 1936 1798 2013 opuscula
1829 1933 2137 2015 descripsit
2158 1939 2220 1993 in
2246 1938 2551 1994 membra-

356 2058 547 2095 naceo
584 2058 699 2095 ms.
739 2035 940 2094 codice
971 2057 1124 2094 saec.
1166 2042 1243 2102 10
1277 2041 1502 2096 Romae
1536 2040 1599 2095 in
1631 2034 1990 2094 bibliotheca
2023 2040 2409 2097 vallicellana
2441 2036 2553 2095 ad-

357 2151 610 2215 servato,
657 2149 719 2197 et
742 2159 903 2196 nunc
935 2150 1140 2197 notato
1174 2149 1320 2198 tom.
1354 2144 1451 2214 18,
1500 2143 1603 2220 qui
1631 2150 1842 2197 texens
1876 2160 1935 2218 p.
1979 2145 2096 2205 186
2134 2142 2553 2221 opusculorum

357 2246 625 2303 omnium
668 2262 700 2299 a
745 2263 808 2300 se
854 2240 1283 2321 descriptorum
1324 2241 1619 2318 indicem,
1685 2243 1794 2300 sub
1824 2240 1940 2299 hoc
1969 2244 2174 2301 titulo:
2236 2245 2383 2302 haec
2413 2254 2554 2300 sunt

363 2368 516 2425 quae
542 2349 605 2403 in
633 2346 832 2403 codice
859 2343 1190 2420 habentur,
1233 2348 1315 2402 ita
1356 2348 1595 2423 incipit:
1653 2344 1984 2402 Concordia
2011 2363 2307 2400 canonum
2331 2364 2371 2399 α
2409 2344 2553 2401 Cre-

362 2449 562 2504 sconio
604 2447 670 2504 A
658 2448 905 2526 fiio-ano
955 2451 1222 2526 episcopo
1273 2447 1506 2527 digesta
1566 2444 1677 2503 sub
1733 2444 2016 2521 capitulis
2063 2446 2350 2502 trecentis.
2447 2446 2557 2501 iste

363 2551 646 2607 nimirum
683 2551 1026 2608 Cresconius
1064 2548 1223 2607 bella
1258 2561 1316 2607 et
1347 2551 1627 2608 victorias
1641 2591 1666 2620 ,
1734 2568 1886 2625 quas
1914 2545 2215 2605 Iohannes
2248 2548 2556 2605 Patricius

355 2652 537 2731 apud
554 2652 836 2730 Africam
867 2655 941 2711 de
969 2654 1291 2709 Saracenis
1314 2652 1520 2730 gessit,
1568 2649 1925 2706 hexametris
1952 2646 2216 2707 versibus
2243 2649 2558 2725 descripsit
2659 2665 2664 2670 '

354 2755 471 2814 sub
519 2754 685 2811 libris
714 2797 942 2813 ......
1034 2752 1193 2814 hanc
1239 2747 1488 2812 notam'’
1541 2755 1922 2832 prosequitur
1981 2753 2306 2830 Fogginius
2356 2743 2552 2810 “iuris

348 2858 573 2937 publici
610 2859 755 2915 fecit
789 2859 1082 2915 Baronius
1125 2856 1207 2936 (a.
1244 2856 1368 2921 527
1413 2875 1476 2913 n.
1507 2854 1654 2935 76),
1727 2866 1786 2912 et
1818 2858 2037 2912 itermn
2067 2854 2146 2912 ex
2178 2857 2308 2933 ipso
2346 2851 2551 2912 codice

355 2959 662 3038 descripsit
698 2980 767 3017 ac
791 2957 1020 3016 recudit
1048 2959 1428 3016 Mabillonius
1467 2958 1565 3039 (lt.
1594 2959 1729 3016 Ital.
1756 2979 1816 3037 p.
1844 2950 2025 3037 69).''
2110 2958 2305 3034 arguit
2332 2953 2549 3014 deiude

351 3065 674 3140 Fogginius
704 3081 830 3119 non
848 3063 1156 3119 'immerito
1184 3059 1525 3119 Chifletium
1552 3072 1612 3118 et
1641 3062 2018 3119 Contentium
2036 3106 2050 3132 ,
2097 3078 2352 3140 quorum
2385 3060 2550 3137 prior

348 3161 417 3221 in
439 3166 634 3244 praefi
669 3161 838 3241 opp.
868 3163 1169 3220 Feri-andi
1197 3173 1253 3220 et
1278 3163 1429 3219 alter
1455 3165 1519 3220 in
1537 3159 1742 3242 praef
1782 3163 1871 3220 ad
1894 3163 2203 3240 Epis-colas
2234 3162 2548 3219 Romano-

352 3288 490 3323 rum
507 3268 866 3344 pontificum
896 3286 956 3345 p.
987 3270 1028 3328 2
1065 3260 1100 3344 ξ
1131 3271 1169 3329 7
1199 3285 1263 3323 n.
1301 3270 1423 3329 122
1452 3285 1511 3342 p.
1548 3266 1667 3330 105
1702 3265 2175 3338 affirmaverant,
2221 3265 2547 3321 Baronium

348 3370 645 3427 invenisse
675 3370 847 3426 illam
875 3369 1084 3426 notam
1116 3370 1180 3424 in
1207 3388 1322 3425 ms.
1358 3365 1486 3424 cod.
1518 3369 1801 3426 Vaticano
1820 3413 1836 3443 ,
1902 3377 1961 3425 et
2000 3387 2079 3425 ex
2117 3369 2248 3445 ipsa
2287 3376 2547 3424 aetatem

352 3471 648 3529 Cresconii
689 3471 1020 3527 collectoris
1074 3479 1367 3526 canonum
1408 3466 1771 3548 'produxisse
1818 3468 1897 3526 ad
1947 3471 2177 3526 exitum
2220 3467 2442 3527 saeculi
2481 3474 2542 3544 7,

351 3590 495 3628 cum
524 3592 601 3629 ex
615 3573 924 3630 Anastasio
953 3569 1412 3630 Bibliothecario
1444 3583 1501 3629 et
1523 3570 1792 3630 Cedreno
1825 3573 2237 3629 constet'anno
2270 3577 2307 3635 3
2341 3569 2546 3629 Leon-

348 3676 419 3731 tii
451 3677 853 3753 imperatoris,
918 3672 985 3730 id
1028 3682 1119 3730 est
1151 3671 1371 3732 Christi
1405 3679 1526 3738 697
1546 3719 1563 3749 ‚
1622 3675 1849 3733 Arabes
1894 3673 2218 3732 obtinuisse
2247 3671 2545 3748 Africam,

345 3797 427 3834 ex
453 3797 644 3856 eaque
675 3777 957 3854 expulsos
983 3776 1169 3834 fuisse
1202 3777 1276 3834 ab
1308 3777 1492 3835 altero
1522 3774 1786 3836 Iohanne
1811 3778 2057 3856 patricio
2083 3775 2227 3834 illuc
2251 3777 2436 3833 misso
2468 3771 2546 3832 sb

342 3880 473 3956 ipso
510 3880 788 3936 Leontio.
898 3881 963 3935 in
1008 3888 1327 3959 utrumque
1375 3890 1578 3939 autem
1617 3883 1878 3939 errorem
1923 3877 2266 3937 inciderant
2298 3897 2362 3935 re
2403 3896 2544 3936 vera

350 3980 480 4039 Ger.
518 3979 653 4040 loh.
696 3982 941 4039 Vossius
992 3979 1065 4038 de
1105 3980 1399 4040 hestoricis
1440 3984 1686 4041 Latinis
1725 3983 1768 4040 l.
1811 3986 1849 4045 3
1899 3993 2051 4060 part.
2081 3986 2121 4044 2
2163 4001 2213 4039 c.
2251 3986 2320 4056 S,
2383 3981 2545 4039 Guil.

345 4083 580 4142 voellus
632 4087 698 4140 iu
741 4083 1127 4161 praefatione
1178 4081 1257 4140 ad
1302 4083 1749 4144 Bibliothecam
1803 4085 1964 4143 Iuris
2020 4084 2296 4142 canonici
2335 4083 2548 4140 veteris

340 4182 561 4245 editam
597 4185 886 4244 Lutetiae
926 4186 1304 4243 Parisiorum
1333 4206 1488 4244 anno
1525 4190 1679 4252 1661
1710 4233 1726 4262 ,
1775 4191 1856 4245 'et
1887 4185 2251 4245 Enunanuel
2289 4203 2322 4241 a
2350 4179 2544 4241 Sche-

324 4288 576 4349 lestrate
611 4293 679 4349 in
725 4297 912 4366 opere
955 4289 1239 4368 inscripto
1271 4288 1546 4349 Ecclesia
1571 4289 1884 4369 Africana
1929 4289 2040 4349 sub
2083 4291 2343 4368 prim-ate
2392 4282 2545 4343 Car-
