3210 5200
644 429 693 473 n
999 407 1517 475 IMMANUELIS
1566 406 1956 473 BEKKERI
2002 407 2488 474 PRAEFATIO.

644 576 937 660 servavi,
981 576 1386 644 Iohannidos
1430 575 1680 643 abieci:
1733 598 1900 664 quos
1943 597 2036 643 ne
2069 576 2211 665 quis
2255 577 2430 644 sorte
2477 575 2830 663 desideret,

643 697 891 764 initium
923 675 1095 763 infra
1124 697 1344 788 posui.

971 830 1234 887 Pellitur
1261 833 1504 887 interea.
1595 826 1892 886 secundus
1920 830 2071 886 liber
2101 831 2338 909 incipit,
2389 834 2452 890 in
2484 800 2602 912 duo
2630 841 2833 888 auctor

812 935 1113 991 continuat
1150 950 1183 986 a
1220 926 1632 1006 praecedente.
1717 949 1863 986 nam
1901 951 2078 1008 supra
2117 944 2352 990 narrato
2383 932 2562 991 modo
2589 936 2829 990 Mauro-

810 1053 943 1091 rum
1000 1030 1265 1088 bellandi
1321 1052 1430 1110 per
1470 1025 1800 1089 Iohannem
1846 1035 2000 1103 suis,
2058 1043 2117 1089 et
2155 1032 2424 1091 descensi
2469 1033 2549 1090 ad
2589 1045 2826 1093 terram.

810 1136 1005 1192 Mauri
1036 1137 1140 1212 qui
1176 1145 1343 1191 erant
1378 1154 1489 1211 per
1520 1135 1854 1210 provincias
1875 1182 1888 1207 ‚
1939 1132 2278 1191 infestando
2307 1135 2504 1212 ipsam
2531 1145 2591 1191 et
2623 1138 2831 1193 civita—

809 1248 930 1309 teS‚
989 1239 1308 1295 sentientes
1358 1246 1417 1292 et
1458 1233 1728 1293 videntes
1775 1237 2102 1293 exercitum
2144 1236 2582 1309 Romanorum,
2641 1247 2829 1294 retra-

808 1337 960 1396 hunt
1007 1357 1071 1394 se
1118 1336 1196 1395 ad
1240 1347 1473 1394 montes
1523 1347 1582 1393 et
1621 1336 1699 1394 ad
1738 1339 2057 1396 fortilitios.
2146 1350 2206 1396 et
2251 1340 2393 1397 facit
2433 1347 2639 1394 auctor
2682 1335 2829 1396 duas

809 1443 1275 1520 comparationes
1296 1484 1310 1509 ,
1355 1460 1543 1518 usque
1577 1440 1697 1496 ibi:
1744 1444 1880 1518 quis
1904 1439 2071 1498 mihi.

963 1540 1239 1598 Secundo
1274 1542 1512 1596 invocat
1556 1518 1985 1616 lastinianum,
2032 1540 2193 1621 quod
2230 1544 2429 1621 ipsum
2476 1540 2716 1600 adiuvet
2751 1541 2828 1600 ad

766 1714 769 1717 Ι
806 1640 1261 1722 exprimendam
1288 1638 1732 1697 multitudinem
1764 1646 2034 1718 gentimn
2061 1646 2403 1701 Maurorum
2421 1689 2437 1719 ‚
2488 1665 2678 1726 usque
2705 1646 2826 1703 ibi:

795 1746 1038 1821 primu-s·
1073 1744 1187 1798 init
1226 1740 1467 1798 bellum.

967 1842 1172 1902 Tertio
1204 1854 1403 1900 narrat
1434 1845 1691 1923 qualiter
1727 1845 1970 1903 Antalas
2000 1843 2274 1921 princeps
2305 1840 2676 1917 Maurormn,
2723 1849 2829 1926 qni

804 1948 929 2004 iam
972 1947 1167 2004 fuerat
1213 1966 1351 2002 cum
1395 1947 1678 2003 Romanis
1699 1991 1715 2019 ,
1761 1948 1871 2002 init
1901 1947 2153 2003 bellum.
2200 1924 2221 1943 ‘
2243 1955 2301 2002 et
2341 1943 2484 2002 dicit
2523 1948 2825 2025 quomodo

804 2052 933 2127 ipse
962 2058 1247 2105 convocat
1274 2049 1523 2123 amicos,
1571 2059 1631 2106 et
1660 2046 1957 2105 distribuit
1985 2049 2239 2127 populos
2256 2092 2272 2122 ,
2319 2049 2424 2128 qui
2447 2061 2737 2108 venerunt
2761 2053 2824 2108 in

805 2153 931 2208 eius
962 2151 1286 2223 auxilium,
1336 2170 1523 2229 usque
1553 2152 1671 2208 ibi:
1716 2153 1843 2207 iam
1853 2150 2062 2228 jbrtis.

961 2255 1177 2324 Quarto
1211 2251 1351 2309 dicit
1382 2252 1679 2333 quomodo
1705 2255 1995 2332 incipiunt
2021 2262 2222 2329 aptare
2249 2270 2314 2307 se
2347 2249 2426 2308 ad
2455 2252 2821 2329 bellandum,

799 2365 857 2413 et
894 2352 1039 2412 dant
1069 2353 1369 2428 ordinem,
1414 2376 1603 2435 usque
1633 2356 1750 2413 ibi:
1796 2355 2137 2433 auxilioque
2161 2363 2359 2410 vocat.

964 2460 1177 2528 Quinto
1210 2455 1352 2514 dicit
1379 2455 1541 2537 quod
1564 2456 1788 2515 Frexes
1807 2504 1822 2532 ‚
1869 2459 1972 2537 qui
2001 2467 2138 2513 sunt
2166 2466 2372 2532 gentes
2400 2447 2563 2513 leives
2589 2458 2821 2531 armati,

796 2562 1121 2640 incipiunt,
1172 2570 1228 2617 et
1265 2579 1366 2618 eos
1402 2572 1732 2641 sequuntur
1762 2561 1897 2636 alii,
1945 2568 2010 2616 ut
2051 2568 2214 2638 patet
2253 2560 2320 2615 in
2361 2558 2587 2632 littera,
2636 2577 2823 2640 usque

799 2666 917 2746 ibi:
965 2664 1128 2720 Ιιιιηο
1159 2683 1379 2739 aggere
1409 2662 1582 2720 celso.

957 2764 1143 2821 Sexto
1190 2761 1330 2819 dicit
1379 2762 1540 2841 quod
1578 2763 1837 2819 Romani
1883 2764 2205 2819 existentes
2256 2764 2319 2818 in
2365 2779 2574 2839 campo
2617 2782 2823 2820 eorum

798 2863 1094 2923 fortificati
1158 2862 1551 2941 respiciebant
1603 2859 2050 2917 multitudinem
2106 2863 2488 2937 Maurorum3
2561 2875 2621 2922 et
2679 2866 2821 2922 facit

800 2967 1301 3044 comparationem
1356 2962 1430 3020 de
1490 2964 1734 3021 locustis
1793 2960 1871 3018 ad
1929 2982 2028 3020 eos
2049 3007 2065 3037 ,
2141 2983 2329 3043 usque
2396 2966 2519 3022 ibi:
2583 2969 2822 3047 iamque

784 3067 1023 3146 pedem.

957 3170 1224 3248 Septimo
1275 3168 1565 3246 incipiunt
1609 3167 2066 3243 scat-amodum,
2136 3178 2195 3226 et
2234 3181 2535 3248 ponuntur
2576 3173 2819 3230 nomina

795 3269 1017 3328 ducum
1036 3316 1051 3344 ,
1127 3272 1349 3330 faciens
1408 3267 1715 3351 quandam
1779 3272 2280 3347 comparationem
2339 3270 2416 3330 de
2467 3283 2819 3353 tempestate

792 3382 1106 3430 ventorum
1122 3417 1139 3446 ,
1184 3387 1374 3453 usque
1404 3372 1521 3430 ibi:
1566 3368 1842 3428 dentibus
1870 3370 2202 3449 ilfi-emnil).

829 3494 1152 3564 Eiusdem
1190 3496 1389 3587 pretii
1424 3495 1740 3562 lemmata
1784 3503 1934 3561 sunt
1975 3518 2018 3564 e
2058 3496 2359 3589 margine
2389 3495 2698 3569 codicum
2727 3497 2815 3566 ab

625 3614 990 3685 editoribus
1025 3615 1260 3685 sedulo
1282 3617 1530 3698 relata;
1582 3635 1758 3702 quae
1781 3623 1851 3681 et
1880 3614 2030 3706 ipsa
2057 3616 2333 3686 resecui.

830 3734 1045 3804 Scrib.
1071 3736 1366 3806 Berolini
1391 3735 1494 3807 ld.
1516 3733 1677 3804 O‘ct.
1710 3756 1770 3800 a.
1802 3729 2025 3805 1835.
