<?xml version="1.0" encoding="UTF-8"?>
<!DOCTYPE html PUBLIC "-//W3C//DTD XHTML 1.0 Transitional//EN"
    "http://www.w3.org/TR/xhtml1/DTD/xhtml1-transitional.dtd">
<html xmlns="http://www.w3.org/1999/xhtml" xml:lang="en" lang="en">
 <head>
  <title>
</title>
<meta http-equiv="Content-Type" content="text/html;charset=utf-8" />
  <meta name='ocr-system' content='tesseract 3.04.00' />
  <meta name='ocr-capabilities' content='ocr_page ocr_carea ocr_par ocr_line ocrx_word'/>
</head>
<body>
  <div class='ocr_page' id='page_1' title='image "./carminumpanegyr00niebgoog_0057.png"; bbox 0 0 3210 5200; ppageno 0'>
   <div class='ocr_carea' id='block_1_1' title="bbox 1234 425 2569 507">
    <p class='ocr_par' dir='ltr' id='par_1_1' title="bbox 1234 425 2569 507">
     <span class='ocr_line' id='line_1_1' title="bbox 1234 425 2569 507; baseline 0.011 -15"><span class='ocrx_word' id='word_1_1' title='bbox 1234 425 1718 497; x_wconf 82' lang='lat' dir='ltr'>PRAEFATIO.</span> <span class='ocrx_word' id='word_1_2' title='bbox 2433 455 2569 507; x_wconf 65' lang='lat' dir='ltr'><strong>xlx</strong></span> 
     </span>
    </p>
   </div>
   <div class='ocr_carea' id='block_1_2' title="bbox 302 591 2561 4461">
    <p class='ocr_par' dir='ltr' id='par_1_2' title="bbox 302 591 2561 4461">
     <span class='ocr_line' id='line_1_2' title="bbox 369 591 2561 687; baseline 0.005 -31"><span class='ocrx_word' id='word_1_3' title='bbox 369 612 492 662; x_wconf 80' lang='lat' dir='ltr'><strong>tere</strong></span> <span class='ocrx_word' id='word_1_4' title='bbox 520 592 925 658; x_wconf 79' lang='lat' dir='ltr'><strong>Iohannidem</strong></span> <span class='ocrx_word' id='word_1_5' title='bbox 947 591 1032 651; x_wconf 82' lang='lat' dir='ltr'><strong>ita</strong></span> <span class='ocrx_word' id='word_1_6' title='bbox 1062 610 1304 672; x_wconf 87' lang='lat' dir='ltr'><strong>prorsus</strong></span> <span class='ocrx_word' id='word_1_7' title='bbox 1335 605 1404 654; x_wconf 87' lang='lat' dir='ltr'><strong>ut</strong></span> <span class='ocrx_word' id='word_1_8' title='bbox 1426 596 1581 655; x_wconf 85' lang='lat' dir='ltr'><strong>iacet</strong></span> <span class='ocrx_word' id='word_1_9' title='bbox 1607 598 1673 655; x_wconf 90' lang='lat' dir='ltr'><strong>in</strong></span> <span class='ocrx_word' id='word_1_10' title='bbox 1700 593 1903 656; x_wconf 86' lang='lat' dir='ltr'><strong>codice</strong></span> <span class='ocrx_word' id='word_1_11' title='bbox 1928 598 2302 663; x_wconf 76' lang='lat' dir='ltr'><strong>Trivultiano</strong></span> <span class='ocrx_word' id='word_1_12' title='bbox 2317 647 2333 679; x_wconf 94' lang='lat'>‚</span> <span class='ocrx_word' id='word_1_13' title='bbox 2383 605 2561 687; x_wconf 85' lang='lat' dir='ltr'><strong>eique</strong></span> 
     </span>
     <span class='ocr_line' id='line_1_3' title="bbox 370 694 2558 783; baseline 0.002 -22"><span class='ocrx_word' id='word_1_14' title='bbox 370 727 404 762; x_wconf 89' lang='lat' dir='ltr'><strong>e</strong></span> <span class='ocrx_word' id='word_1_15' title='bbox 442 703 681 780; x_wconf 84' lang='lat' dir='ltr'><strong>regione</strong></span> <span class='ocrx_word' id='word_1_16' title='bbox 719 694 945 756; x_wconf 80' lang='lat' dir='ltr'><strong>addere</strong></span> <span class='ocrx_word' id='word_1_17' title='bbox 973 704 1210 754; x_wconf 84' lang='lat' dir='ltr'><strong>textum</strong></span> <span class='ocrx_word' id='word_1_18' title='bbox 1240 717 1275 755; x_wconf 93' lang='lat' dir='ltr'><strong>a</strong></span> <span class='ocrx_word' id='word_1_19' title='bbox 1298 719 1399 757; x_wconf 89' lang='lat' dir='ltr'><strong>me</strong></span> <span class='ocrx_word' id='word_1_20' title='bbox 1424 710 1729 780; x_wconf 85' lang='lat' dir='ltr'><strong>utcunque</strong></span> <span class='ocrx_word' id='word_1_21' title='bbox 1769 711 2124 778; x_wconf 87' lang='lat' dir='ltr'><strong>correctum,</strong></span> <span class='ocrx_word' id='word_1_22' title='bbox 2164 713 2232 761; x_wconf 90' lang='lat' dir='ltr'><strong>ut</strong></span> <span class='ocrx_word' id='word_1_23' title='bbox 2258 705 2436 783; x_wconf 87' lang='lat' dir='ltr'><strong>plane</strong></span> <span class='ocrx_word' id='word_1_24' title='bbox 2460 709 2558 766; x_wconf 85' lang='lat' dir='ltr'><strong>fe·-</strong></span> 
     </span>
     <span class='ocr_line' id='line_1_4' title="bbox 373 798 2553 886; baseline 0.004 -27"><span class='ocrx_word' id='word_1_25' title='bbox 373 813 528 863; x_wconf 77' lang='lat' dir='ltr'><strong>eerat</strong></span> <span class='ocrx_word' id='word_1_26' title='bbox 555 800 915 878; x_wconf 74' lang='lat' dir='ltr'><strong>Fogginius,</strong></span> <span class='ocrx_word' id='word_1_27' title='bbox 964 798 1071 876; x_wconf 86' lang='lat' dir='ltr'><strong>qui</strong></span> <span class='ocrx_word' id='word_1_28' title='bbox 1102 818 1134 854; x_wconf 86' lang='lat' dir='ltr'><strong>e</strong></span> <span class='ocrx_word' id='word_1_29' title='bbox 1162 803 1405 878; x_wconf 81' lang='lat' dir='ltr'><strong>regione</strong></span> <span class='ocrx_word' id='word_1_30' title='bbox 1434 801 1709 860; x_wconf 76' lang='lat' dir='ltr'><strong>editionis</strong></span> <span class='ocrx_word' id='word_1_31' title='bbox 1734 800 2048 863; x_wconf 65' lang='lat' dir='ltr'><strong>Michaelis</strong></span> <span class='ocrx_word' id='word_1_32' title='bbox 2070 805 2264 862; x_wconf 85' lang='lat' dir='ltr'><strong>Ruizii</strong></span> <span class='ocrx_word' id='word_1_33' title='bbox 2287 810 2553 886; x_wconf 83' lang='lat' dir='ltr'><strong>Assagrii</strong></span> 
     </span>
     <span class='ocr_line' id='line_1_5' title="bbox 367 895 2555 984; baseline 0.001 -20"><span class='ocrx_word' id='word_1_34' title='bbox 367 926 543 967; x_wconf 86' lang='lat' dir='ltr'><strong>suam</strong></span> <span class='ocrx_word' id='word_1_35' title='bbox 581 904 807 983; x_wconf 78' lang='lat' dir='ltr'><strong>posuit.</strong></span> <span class='ocrx_word' id='word_1_36' title='bbox 893 895 999 958; x_wconf 86' lang='lat' dir='ltr'><strong>sed</strong></span> <span class='ocrx_word' id='word_1_37' title='bbox 1040 908 1165 956; x_wconf 86' lang='lat' dir='ltr'><strong>tam</strong></span> <span class='ocrx_word' id='word_1_38' title='bbox 1213 901 1389 960; x_wconf 87' lang='lat' dir='ltr'><strong>foede</strong></span> <span class='ocrx_word' id='word_1_39' title='bbox 1425 904 1539 961; x_wconf 82' lang='lat' dir='ltr'><strong>fuit</strong></span> <span class='ocrx_word' id='word_1_40' title='bbox 1572 901 1933 982; x_wconf 77' lang='lat' dir='ltr'><strong>descriptum</strong></span> <span class='ocrx_word' id='word_1_41' title='bbox 1966 916 2025 963; x_wconf 90' lang='lat' dir='ltr'><strong>et</strong></span> <span class='ocrx_word' id='word_1_42' title='bbox 2054 916 2322 984; x_wconf 77' lang='lat' dir='ltr'><strong>corrupte</strong></span> <span class='ocrx_word' id='word_1_43' title='bbox 2350 910 2416 965; x_wconf 89' lang='lat' dir='ltr'><strong>in</strong></span> <span class='ocrx_word' id='word_1_44' title='bbox 2439 928 2555 968; x_wconf 85' lang='lat' dir='ltr'><strong>no-</strong></span> 
     </span>
     <span class='ocr_line' id='line_1_6' title="bbox 369 1001 2553 1082; baseline 0 -14"><span class='ocrx_word' id='word_1_45' title='bbox 369 1020 492 1068; x_wconf 83' lang='lat' dir='ltr'><strong>stro</strong></span> <span class='ocrx_word' id='word_1_46' title='bbox 524 1005 726 1065; x_wconf 87' lang='lat' dir='ltr'><strong>codice</strong></span> <span class='ocrx_word' id='word_1_47' title='bbox 755 1009 969 1082; x_wconf 66' lang='lat' dir='ltr'><strong>poema</strong></span> <span class='ocrx_word' id='word_1_48' title='bbox 999 1001 1392 1075; x_wconf 79' lang='lat' dir='ltr'><strong>Iohannidos,</strong></span> <span class='ocrx_word' id='word_1_49' title='bbox 1432 1013 1501 1062; x_wconf 93' lang='lat' dir='ltr'><strong>ut</strong></span> <span class='ocrx_word' id='word_1_50' title='bbox 1528 1002 1593 1061; x_wconf 90' lang='lat' dir='ltr'><strong>id</strong></span> <span class='ocrx_word' id='word_1_51' title='bbox 1619 1004 1817 1062; x_wconf 79' lang='lat' dir='ltr'><strong>visum</strong></span> <span class='ocrx_word' id='word_1_52' title='bbox 1850 1014 2005 1063; x_wconf 85' lang='lat' dir='ltr'><strong>esset</strong></span> <span class='ocrx_word' id='word_1_53' title='bbox 2036 1027 2175 1065; x_wconf 80' lang='lat' dir='ltr'><strong>vere</strong></span> <span class='ocrx_word' id='word_1_54' title='bbox 2198 1019 2553 1070; x_wconf 83' lang='lat' dir='ltr'><strong>monstrum.</strong></span> 
     </span>
     <span class='ocr_line' id='line_1_7' title="bbox 366 1105 2553 1193; baseline 0.001 -24"><span class='ocrx_word' id='word_1_55' title='bbox 366 1111 589 1170; x_wconf 85' lang='lat' dir='ltr'><strong>idcirco</strong></span> <span class='ocrx_word' id='word_1_56' title='bbox 632 1109 857 1186; x_wconf 79' lang='lat' dir='ltr'>aliquot</span> <span class='ocrx_word' id='word_1_57' title='bbox 902 1105 1330 1193; x_wconf 19' lang='lat' dir='ltr'><strong>litterati-viri,</strong></span> <span class='ocrx_word' id='word_1_58' title='bbox 1376 1124 1525 1185; x_wconf 86' lang='lat' dir='ltr'><strong>quos</strong></span> <span class='ocrx_word' id='word_1_59' title='bbox 1555 1107 1863 1180; x_wconf 87' lang='lat' dir='ltr'><strong>consului,</strong></span> <span class='ocrx_word' id='word_1_60' title='bbox 1908 1108 2065 1165; x_wconf 89' lang='lat' dir='ltr'><strong>inter</strong></span> <span class='ocrx_word' id='word_1_61' title='bbox 2094 1127 2244 1188; x_wconf 85' lang='lat' dir='ltr'><strong>quos</strong></span> <span class='ocrx_word' id='word_1_62' title='bbox 2269 1111 2370 1169; x_wconf 89' lang='lat' dir='ltr'><strong>Tu</strong></span> <span class='ocrx_word' id='word_1_63' title='bbox 2399 1131 2553 1191; x_wconf 88' lang='lat' dir='ltr'><strong>quo-</strong></span> 
     </span>
     <span class='ocr_line' id='line_1_8' title="bbox 365 1204 2552 1293; baseline 0.002 -24"><span class='ocrx_word' id='word_1_64' title='bbox 365 1233 485 1293; x_wconf 88' lang='lat' dir='ltr'><strong>que</strong></span> <span class='ocrx_word' id='word_1_65' title='bbox 514 1211 699 1283; x_wconf 86' lang='lat' dir='ltr'><strong>fuisti,</strong></span> <span class='ocrx_word' id='word_1_66' title='bbox 744 1208 819 1265; x_wconf 88' lang='lat' dir='ltr'><strong>cl.</strong></span> <span class='ocrx_word' id='word_1_67' title='bbox 845 1204 1144 1265; x_wconf 87' lang='lat' dir='ltr'><strong>Iohannes</strong></span> <span class='ocrx_word' id='word_1_68' title='bbox 1166 1207 1397 1281; x_wconf 77' lang='lat' dir='ltr'><strong>Iacche,</strong></span> <span class='ocrx_word' id='word_1_69' title='bbox 1440 1227 1541 1265; x_wconf 90' lang='lat' dir='ltr'><strong>me</strong></span> <span class='ocrx_word' id='word_1_70' title='bbox 1574 1209 1648 1265; x_wconf 93' lang='lat' dir='ltr'><strong>ab</strong></span> <span class='ocrx_word' id='word_1_71' title='bbox 1679 1227 1750 1265; x_wconf 91' lang='lat' dir='ltr'><strong>ea</strong></span> <span class='ocrx_word' id='word_1_72' title='bbox 1774 1210 2102 1268; x_wconf 88' lang='lat' dir='ltr'><strong>intentione</strong></span> <span class='ocrx_word' id='word_1_73' title='bbox 2135 1224 2552 1274; x_wconf 76' lang='lat' dir='ltr'><strong>avocaverunt.</strong></span> 
     </span>
     <span class='ocr_line' id='line_1_9' title="bbox 363 1310 2546 1392; baseline 0 -19"><span class='ocrx_word' id='word_1_74' title='bbox 363 1314 508 1373; x_wconf 83' lang='lat' dir='ltr'><strong>hinc</strong></span> <span class='ocrx_word' id='word_1_75' title='bbox 551 1323 710 1371; x_wconf 85' lang='lat' dir='ltr'><strong>ratus</strong></span> <span class='ocrx_word' id='word_1_76' title='bbox 752 1329 888 1368; x_wconf 89' lang='lat' dir='ltr'><strong>sum</strong></span> <span class='ocrx_word' id='word_1_77' title='bbox 924 1311 1123 1388; x_wconf 85' lang='lat' dir='ltr'><strong>potius</strong></span> <span class='ocrx_word' id='word_1_78' title='bbox 1160 1310 1224 1366; x_wconf 90' lang='lat' dir='ltr'><strong>in</strong></span> <span class='ocrx_word' id='word_1_79' title='bbox 1261 1311 1416 1368; x_wconf 85' lang='lat' dir='ltr'><strong>notis</strong></span> <span class='ocrx_word' id='word_1_80' title='bbox 1452 1320 1753 1389; x_wconf 89' lang='lat' dir='ltr'><strong>utcunque</strong></span> <span class='ocrx_word' id='word_1_81' title='bbox 1786 1323 2224 1390; x_wconf 85' lang='lat' dir='ltr'><strong>repraesentare</strong></span> <span class='ocrx_word' id='word_1_82' title='bbox 2258 1311 2546 1392; x_wconf 80' lang='lat' dir='ltr'><strong>codicem,</strong></span> 
     </span>
     <span class='ocr_line' id='line_1_10' title="bbox 366 1409 2545 1498; baseline 0 -23"><span class='ocrx_word' id='word_1_83' title='bbox 366 1418 561 1498; x_wconf 87' lang='lat' dir='ltr'><strong>qualis</strong></span> <span class='ocrx_word' id='word_1_84' title='bbox 595 1435 656 1473; x_wconf 89' lang='lat' dir='ltr'><strong>re</strong></span> <span class='ocrx_word' id='word_1_85' title='bbox 682 1431 826 1470; x_wconf 78' lang='lat' dir='ltr'><strong>vera</strong></span> <span class='ocrx_word' id='word_1_86' title='bbox 858 1420 948 1470; x_wconf 87' lang='lat' dir='ltr'><strong>est</strong></span> <span class='ocrx_word' id='word_1_87' title='bbox 977 1430 1113 1468; x_wconf 88' lang='lat' dir='ltr'><strong>cum</strong></span> <span class='ocrx_word' id='word_1_88' title='bbox 1142 1412 1267 1469; x_wconf 86' lang='lat' dir='ltr'><strong>suis</strong></span> <span class='ocrx_word' id='word_1_89' title='bbox 1293 1409 1529 1470; x_wconf 85' lang='lat' dir='ltr'><strong>mendis</strong></span> <span class='ocrx_word' id='word_1_90' title='bbox 1560 1414 1963 1494; x_wconf 88' lang='lat' dir='ltr'><strong>cuiuscunque</strong></span> <span class='ocrx_word' id='word_1_91' title='bbox 1991 1418 2258 1493; x_wconf 81' lang='lat' dir='ltr'><strong>generis3</strong></span> <span class='ocrx_word' id='word_1_92' title='bbox 2302 1436 2379 1474; x_wconf 90' lang='lat' dir='ltr'><strong>ne</strong></span> <span class='ocrx_word' id='word_1_93' title='bbox 2411 1420 2545 1497; x_wconf 86' lang='lat' dir='ltr'><strong>quis</strong></span> 
     </span>
     <span class='ocr_line' id='line_1_11' title="bbox 359 1512 2546 1597; baseline -0 -18"><span class='ocrx_word' id='word_1_94' title='bbox 359 1522 426 1579; x_wconf 91' lang='lat' dir='ltr'><strong>in</strong></span> <span class='ocrx_word' id='word_1_95' title='bbox 471 1541 567 1577; x_wconf 87' lang='lat' dir='ltr'><strong>me</strong></span> <span class='ocrx_word' id='word_1_96' title='bbox 609 1512 1014 1597; x_wconf 79' lang='lat' dir='ltr'><strong>querimonias</strong></span> <span class='ocrx_word' id='word_1_97' title='bbox 1053 1512 1264 1586; x_wconf 84' lang='lat' dir='ltr'><strong>faciat,</strong></span> <span class='ocrx_word' id='word_1_98' title='bbox 1333 1532 1483 1592; x_wconf 85' lang='lat' dir='ltr'><strong>quas</strong></span> <span class='ocrx_word' id='word_1_99' title='bbox 1526 1516 1842 1592; x_wconf 84' lang='lat' dir='ltr'><strong>Assagrius</strong></span> <span class='ocrx_word' id='word_1_100' title='bbox 1885 1519 2183 1575; x_wconf 80' lang='lat' dir='ltr'><strong>sustinuit.</strong></span> <span class='ocrx_word' id='word_1_101' title='bbox 2286 1519 2341 1577; x_wconf 89' lang='lat' dir='ltr'><strong>is</strong></span> <span class='ocrx_word' id='word_1_102' title='bbox 2383 1524 2546 1579; x_wconf 88' lang='lat' dir='ltr'><strong>enim</strong></span> 
     </span>
     <span class='ocr_line' id='line_1_12' title="bbox 359 1613 2546 1704; baseline 0 -24"><span class='ocrx_word' id='word_1_103' title='bbox 359 1623 606 1704; x_wconf 87' lang='lat' dir='ltr'><strong>(aiebat</strong></span> <span class='ocrx_word' id='word_1_104' title='bbox 644 1616 935 1676; x_wconf 79' lang='lat' dir='ltr'><strong>Arevalus</strong></span> <span class='ocrx_word' id='word_1_105' title='bbox 970 1616 1034 1671; x_wconf 89' lang='lat' dir='ltr'><strong>in</strong></span> <span class='ocrx_word' id='word_1_106' title='bbox 1077 1613 1522 1692; x_wconf 76' lang='lat' dir='ltr'><strong>Prolegomenis</strong></span> <span class='ocrx_word' id='word_1_107' title='bbox 1559 1613 1638 1673; x_wconf 87' lang='lat' dir='ltr'><strong>ad</strong></span> <span class='ocrx_word' id='word_1_108' title='bbox 1682 1617 2005 1675; x_wconf 83' lang='lat' dir='ltr'><strong>Dracontii</strong></span> <span class='ocrx_word' id='word_1_109' title='bbox 2053 1620 2341 1679; x_wconf 86' lang='lat' dir='ltr'><strong>Carmina</strong></span> <span class='ocrx_word' id='word_1_110' title='bbox 2385 1620 2546 1681; x_wconf 82' lang='lat' dir='ltr'><strong>edita</strong></span> 
     </span>
     <span class='ocr_line' id='line_1_13' title="bbox 352 1713 2546 1798; baseline -0.001 -14"><span class='ocrx_word' id='word_1_111' title='bbox 352 1726 594 1784; x_wconf 78' lang='lat' dir='ltr'><strong>Romae</strong></span> <span class='ocrx_word' id='word_1_112' title='bbox 639 1738 694 1776; x_wconf 91' lang='lat' dir='ltr'><strong>a.</strong></span> <span class='ocrx_word' id='word_1_113' title='bbox 726 1720 880 1780; x_wconf 87' lang='lat'>1791</span> <span class='ocrx_word' id='word_1_114' title='bbox 921 1736 969 1775; x_wconf 83' lang='lat' dir='ltr'><strong>c.</strong></span> <span class='ocrx_word' id='word_1_115' title='bbox 1003 1714 1040 1778; x_wconf 87' lang='lat'><strong><em>5</em></strong></span> <span class='ocrx_word' id='word_1_116' title='bbox 1077 1735 1141 1771; x_wconf 91' lang='lat' dir='ltr'><strong>n.</strong></span> <span class='ocrx_word' id='word_1_117' title='bbox 1171 1713 1251 1777; x_wconf 85' lang='lat'><strong>45</strong></span> <span class='ocrx_word' id='word_1_118' title='bbox 1289 1736 1351 1794; x_wconf 89' lang='lat' dir='ltr'><strong>p.</strong></span> <span class='ocrx_word' id='word_1_119' title='bbox 1385 1714 1509 1792; x_wconf 82' lang='lat'><strong>85)</strong></span> <span class='ocrx_word' id='word_1_120' title='bbox 1554 1737 1985 1798; x_wconf 78' lang='lat' dir='ltr'><strong>nonnunquam</strong></span> <span class='ocrx_word' id='word_1_121' title='bbox 2030 1720 2192 1780; x_wconf 82' lang='lat' dir='ltr'><strong>hane</strong></span> <span class='ocrx_word' id='word_1_122' title='bbox 2241 1722 2546 1784; x_wconf 82' lang='lat' dir='ltr'><strong>licentiam</strong></span> 
     </span>
     <span class='ocr_line' id='line_1_14' title="bbox 355 1821 2538 1900; baseline 0.001 -18"><span class='ocrx_word' id='word_1_123' title='bbox 355 1824 485 1882; x_wconf 73' lang='lat' dir='ltr'><strong>eibi</strong></span> <span class='ocrx_word' id='word_1_124' title='bbox 528 1821 836 1899; x_wconf 75' lang='lat' dir='ltr'><strong>arrogum&#39;t</strong></span> <span class='ocrx_word' id='word_1_125' title='bbox 849 1861 875 1890; x_wconf 91' lang='lat'><em>,</em></span> <span class='ocrx_word' id='word_1_126' title='bbox 938 1829 1009 1876; x_wconf 84' lang='lat' dir='ltr'><strong>ut</strong></span> <span class='ocrx_word' id='word_1_127' title='bbox 1056 1839 1259 1878; x_wconf 72' lang='lat' dir='ltr'><strong>versus</strong></span> <span class='ocrx_word' id='word_1_128' title='bbox 1302 1829 1607 1895; x_wconf 76' lang='lat' dir='ltr'><strong>corruptos</strong></span> <span class='ocrx_word' id='word_1_129' title='bbox 1651 1839 1721 1877; x_wconf 73' lang='lat' dir='ltr'><strong>ex</strong></span> <span class='ocrx_word' id='word_1_130' title='bbox 1758 1823 1997 1900; x_wconf 57' lang='lat' dir='ltr'><strong>ingenio</strong></span> <span class='ocrx_word' id='word_1_131' title='bbox 2040 1844 2147 1881; x_wconf 81' lang='lat' dir='ltr'><strong>suo</strong></span> <span class='ocrx_word' id='word_1_132' title='bbox 2186 1828 2538 1899; x_wconf 80' lang='lat' dir='ltr'><strong>restitueret,</strong></span> 
     </span>
     <span class='ocr_line' id='line_1_15' title="bbox 355 1905 2538 2008; baseline 0.002 -24"><span class='ocrx_word' id='word_1_133' title='bbox 355 1928 506 2007; x_wconf 79' lang='lat' dir='ltr'><strong>quin</strong></span> <span class='ocrx_word' id='word_1_134' title='bbox 531 1921 710 1982; x_wconf 68' lang='lat' dir='ltr'><strong>verba</strong></span> <span class='ocrx_word' id='word_1_135' title='bbox 735 1922 953 1979; x_wconf 59' lang='lat' dir='ltr'><strong>mdcbis</strong></span> <span class='ocrx_word' id='word_1_136' title='bbox 978 1921 1119 1979; x_wconf 73' lang='lat' dir='ltr'><strong>aliis</strong></span> <span class='ocrx_word' id='word_1_137' title='bbox 1144 1920 1402 1980; x_wconf 66' lang='lat' dir='ltr'><strong>videnda</strong></span> <span class='ocrx_word' id='word_1_138' title='bbox 1420 1905 1767 1982; x_wconf 71' lang='lat' dir='ltr'><strong>ostenderet.</strong></span> <span class='ocrx_word' id='word_1_139' title='bbox 1858 1923 2111 1984; x_wconf 86' lang='lat' dir='ltr'><strong>eandem</strong></span> <span class='ocrx_word' id='word_1_140' title='bbox 2149 1945 2291 1986; x_wconf 84' lang='lat' dir='ltr'><strong>vero</strong></span> <span class='ocrx_word' id='word_1_141' title='bbox 2334 1931 2538 2008; x_wconf 85' lang='lat' dir='ltr'><strong>queri-</strong></span> 
     </span>
     <span class='ocr_line' id='line_1_16' title="bbox 348 2022 2534 2104; baseline -0.004 -16"><span class='ocrx_word' id='word_1_142' title='bbox 348 2029 620 2088; x_wconf 86' lang='lat' dir='ltr'><strong>moniam</strong></span> <span class='ocrx_word' id='word_1_143' title='bbox 650 2025 980 2104; x_wconf 82' lang='lat' dir='ltr'><strong>protulerat</strong></span> <span class='ocrx_word' id='word_1_144' title='bbox 1003 2022 1286 2083; x_wconf 85' lang='lat' dir='ltr'><strong>Barthius</strong></span> <span class='ocrx_word' id='word_1_145' title='bbox 1316 2024 1651 2083; x_wconf 74' lang='lat' dir='ltr'><strong>Adversar.</strong></span> <span class='ocrx_word' id='word_1_146' title='bbox 1689 2024 1734 2083; x_wconf 91' lang='lat'><strong>1.</strong></span> <span class='ocrx_word' id='word_1_147' title='bbox 1768 2028 1808 2090; x_wconf 89' lang='lat'>8</span> <span class='ocrx_word' id='word_1_148' title='bbox 1838 2045 1891 2085; x_wconf 87' lang='lat' dir='ltr'><strong>c.</strong></span> <span class='ocrx_word' id='word_1_149' title='bbox 1917 2032 1947 2090; x_wconf 87' lang='lat'>1</span> <span class='ocrx_word' id='word_1_150' title='bbox 1975 2025 2139 2087; x_wconf 87' lang='lat' dir='ltr'><strong>hisce</strong></span> <span class='ocrx_word' id='word_1_151' title='bbox 2163 2030 2359 2090; x_wconf 84' lang='lat' dir='ltr'><strong>verbis</strong></span> <span class='ocrx_word' id='word_1_152' title='bbox 2389 2051 2534 2090; x_wconf 85' lang='lat' dir='ltr'><strong>con..</strong></span> 
     </span>
     <span class='ocr_line' id='line_1_17' title="bbox 350 2126 2535 2213; baseline 0.001 -24"><span class='ocrx_word' id='word_1_153' title='bbox 350 2141 626 2211; x_wconf 79' lang='lat' dir='ltr'><strong>ceptam:</strong></span> <span class='ocrx_word' id='word_1_154' title='bbox 682 2127 849 2186; x_wconf 80' lang='lat' dir='ltr'><strong>illud</strong></span> <span class='ocrx_word' id='word_1_155' title='bbox 885 2139 1085 2185; x_wconf 85' lang='lat' dir='ltr'><strong>tamen</strong></span> <span class='ocrx_word' id='word_1_156' title='bbox 1126 2127 1496 2199; x_wconf 84' lang='lat' dir='ltr'><strong>notandum,</strong></span> <span class='ocrx_word' id='word_1_157' title='bbox 1538 2126 1909 2187; x_wconf 73' lang='lat' dir='ltr'><strong>Michae&#39;lem</strong></span> <span class='ocrx_word' id='word_1_158' title='bbox 1931 2130 2300 2211; x_wconf 76' lang='lat' dir='ltr'><strong>Assagrium</strong></span> <span class='ocrx_word' id='word_1_159' title='bbox 2332 2137 2535 2213; x_wconf 83' lang='lat' dir='ltr'><strong>impu-</strong></span> 
     </span>
     <span class='ocr_line' id='line_1_18' title="bbox 350 2227 2535 2313; baseline 0.002 -22"><span class='ocrx_word' id='word_1_160' title='bbox 350 2230 720 2291; x_wconf 62' lang='lat' dir='ltr'><strong>acutiuscula</strong></span> <span class='ocrx_word' id='word_1_161' title='bbox 733 2230 964 2309; x_wconf 67' lang='lat' dir='ltr'><strong>jecisse</strong></span> <span class='ocrx_word' id='word_1_162' title='bbox 977 2272 1003 2301; x_wconf 84' lang='lat'><em>,</em></span> <span class='ocrx_word' id='word_1_163' title='bbox 1049 2230 1213 2309; x_wconf 82' lang='lat' dir='ltr'><strong>quod</strong></span> <span class='ocrx_word' id='word_1_164' title='bbox 1236 2250 1411 2288; x_wconf 77' lang='lat' dir='ltr'><strong>suam</strong></span> <span class='ocrx_word' id='word_1_165' title='bbox 1435 2227 1604 2288; x_wconf 75' lang='lat' dir='ltr'><strong>nobis</strong></span> <span class='ocrx_word' id='word_1_166' title='bbox 1630 2243 1848 2311; x_wconf 84' lang='lat' dir='ltr'><strong>septem</strong></span> <span class='ocrx_word' id='word_1_167' title='bbox 1870 2235 2232 2313; x_wconf 82' lang='lat' dir='ltr'><strong>integrorum</strong></span> <span class='ocrx_word' id='word_1_168' title='bbox 2256 2254 2535 2295; x_wconf 71' lang='lat' dir='ltr'><strong>versuum</strong></span> 
     </span>
     <span class='ocr_line' id='line_1_19' title="bbox 352 2329 2536 2413; baseline 0.001 -18"><span class='ocrx_word' id='word_1_169' title='bbox 352 2338 763 2395; x_wconf 71' lang='lat' dir='ltr'><strong>correctionem</strong></span> <span class='ocrx_word' id='word_1_170' title='bbox 788 2329 1079 2402; x_wconf 70' lang='lat' dir='ltr'><strong>obtrusit,</strong></span> <span class='ocrx_word' id='word_1_171' title='bbox 1123 2335 1305 2390; x_wconf 73' lang='lat' dir='ltr'><strong>veteri</strong></span> <span class='ocrx_word' id='word_1_172' title='bbox 1331 2332 1575 2391; x_wconf 85' lang='lat' dir='ltr'><strong>lectione</strong></span> <span class='ocrx_word' id='word_1_173' title='bbox 1597 2334 1816 2392; x_wconf 83' lang='lat' dir='ltr'><strong>codicis</strong></span> <span class='ocrx_word' id='word_1_174' title='bbox 1830 2376 1856 2405; x_wconf 84' lang='lat'><em>,</em></span> <span class='ocrx_word' id='word_1_175' title='bbox 1898 2356 2072 2413; x_wconf 83' lang='lat' dir='ltr'><strong>quem</strong></span> <span class='ocrx_word' id='word_1_176' title='bbox 2096 2357 2286 2394; x_wconf 84' lang='lat' dir='ltr'><strong>unum</strong></span> <span class='ocrx_word' id='word_1_177' title='bbox 2308 2339 2536 2397; x_wconf 79' lang='lat' dir='ltr'><strong>solum-</strong></span> 
     </span>
     <span class='ocr_line' id='line_1_20' title="bbox 356 2432 2538 2519; baseline 0.001 -24"><span class='ocrx_word' id='word_1_178' title='bbox 356 2459 471 2519; x_wconf 81' lang='lat' dir='ltr'><strong>que</strong></span> <span class='ocrx_word' id='word_1_179' title='bbox 507 2448 725 2495; x_wconf 76' lang='lat' dir='ltr'><strong>exstare</strong></span> <span class='ocrx_word' id='word_1_180' title='bbox 769 2434 1062 2492; x_wconf 78' lang='lat' dir='ltr'><strong>hactenus</strong></span> <span class='ocrx_word' id='word_1_181' title='bbox 1103 2454 1223 2493; x_wconf 85' lang='lat' dir='ltr'><strong>non</strong></span> <span class='ocrx_word' id='word_1_182' title='bbox 1262 2432 1624 2513; x_wconf 80' lang='lat' dir='ltr'><strong>ignorabat,</strong></span> <span class='ocrx_word' id='word_1_183' title='bbox 1681 2435 2060 2494; x_wconf 58' lang='lat' dir='ltr'><strong>dissimulata</strong></span> <span class='ocrx_word' id='word_1_184' title='bbox 2073 2479 2100 2508; x_wconf 86' lang='lat'><em>,</em></span> <span class='ocrx_word' id='word_1_185' title='bbox 2158 2458 2296 2495; x_wconf 84' lang='lat' dir='ltr'><strong>cum</strong></span> <span class='ocrx_word' id='word_1_186' title='bbox 2338 2460 2401 2496; x_wconf 79' lang='lat' dir='ltr'><strong>se</strong></span> <span class='ocrx_word' id='word_1_187' title='bbox 2443 2461 2538 2499; x_wconf 82' lang='lat' dir='ltr'><strong>eos</strong></span> 
     </span>
     <span class='ocr_line' id='line_1_21' title="bbox 352 2536 2532 2622; baseline 0.002 -24"><span class='ocrx_word' id='word_1_188' title='bbox 352 2541 816 2620; x_wconf 74' lang='lat' dir='ltr'><strong>corruptissimos</strong></span> <span class='ocrx_word' id='word_1_189' title='bbox 852 2539 1145 2596; x_wconf 72' lang='lat' dir='ltr'><strong>invenisse</strong></span> <span class='ocrx_word' id='word_1_190' title='bbox 1157 2537 1460 2616; x_wconf 79' lang='lat' dir='ltr'><strong>fateatur.</strong></span> <span class='ocrx_word' id='word_1_191' title='bbox 1551 2556 1725 2617; x_wconf 90' lang='lat' dir='ltr'><strong>spero</strong></span> <span class='ocrx_word' id='word_1_192' title='bbox 1752 2536 1879 2594; x_wconf 88' lang='lat' dir='ltr'><strong>fore</strong></span> <span class='ocrx_word' id='word_1_193' title='bbox 1908 2546 2005 2612; x_wconf 88' lang='lat' dir='ltr'><strong>ut,</strong></span> <span class='ocrx_word' id='word_1_194' title='bbox 2050 2539 2387 2622; x_wconf 87' lang='lat' dir='ltr'><strong>ubicunque</strong></span> <span class='ocrx_word' id='word_1_195' title='bbox 2420 2562 2532 2622; x_wconf 82' lang='lat' dir='ltr'><strong>ego</strong></span> 
     </span>
     <span class='ocr_line' id='line_1_22' title="bbox 350 2637 2537 2715; baseline 0.001 -14"><span class='ocrx_word' id='word_1_196' title='bbox 350 2645 513 2701; x_wconf 85' lang='lat' dir='ltr'><strong>male</strong></span> <span class='ocrx_word' id='word_1_197' title='bbox 549 2662 689 2702; x_wconf 88' lang='lat' dir='ltr'><strong>usus</strong></span> <span class='ocrx_word' id='word_1_198' title='bbox 730 2661 862 2699; x_wconf 88' lang='lat' dir='ltr'><strong>sum</strong></span> <span class='ocrx_word' id='word_1_199' title='bbox 899 2642 1253 2700; x_wconf 84' lang='lat' dir='ltr'><strong>coniecturis</strong></span> <span class='ocrx_word' id='word_1_200' title='bbox 1294 2642 1357 2695; x_wconf 91' lang='lat' dir='ltr'><strong>in</strong></span> <span class='ocrx_word' id='word_1_201' title='bbox 1405 2637 1751 2715; x_wconf 87' lang='lat' dir='ltr'><strong>corrigendo</strong></span> <span class='ocrx_word' id='word_1_202' title='bbox 1790 2637 2022 2714; x_wconf 88' lang='lat' dir='ltr'><strong>codice,</strong></span> <span class='ocrx_word' id='word_1_203' title='bbox 2069 2642 2172 2698; x_wconf 86' lang='lat' dir='ltr'><strong>alii</strong></span> <span class='ocrx_word' id='word_1_204' title='bbox 2206 2642 2440 2703; x_wconf 84' lang='lat' dir='ltr'><strong>felicius</strong></span> <span class='ocrx_word' id='word_1_205' title='bbox 2469 2642 2537 2702; x_wconf 87' lang='lat' dir='ltr'><strong>id</strong></span> 
     </span>
     <span class='ocr_line' id='line_1_23' title="bbox 344 2737 2532 2824; baseline 0 -22"><span class='ocrx_word' id='word_1_206' title='bbox 344 2755 648 2824; x_wconf 84' lang='lat' dir='ltr'><strong>praestare</strong></span> <span class='ocrx_word' id='word_1_207' title='bbox 671 2745 897 2822; x_wconf 85' lang='lat' dir='ltr'><strong>possint</strong></span> <span class='ocrx_word' id='word_1_208' title='bbox 914 2788 931 2819; x_wconf 83' lang='lat'>,</span> <span class='ocrx_word' id='word_1_209' title='bbox 979 2744 1126 2823; x_wconf 89' lang='lat' dir='ltr'><strong>quin</strong></span> <span class='ocrx_word' id='word_1_210' title='bbox 1156 2738 1421 2798; x_wconf 85' lang='lat' dir='ltr'><strong>codicem</strong></span> <span class='ocrx_word' id='word_1_211' title='bbox 1448 2741 1649 2818; x_wconf 87' lang='lat' dir='ltr'><strong>ipsum</strong></span> <span class='ocrx_word' id='word_1_212' title='bbox 1676 2737 1952 2816; x_wconf 75' lang='lat' dir='ltr'><strong>videant,</strong></span> <span class='ocrx_word' id='word_1_213' title='bbox 1996 2741 2369 2822; x_wconf 88' lang='lat' dir='ltr'><strong>inspiciendo</strong></span> <span class='ocrx_word' id='word_1_214' title='bbox 2396 2756 2532 2803; x_wconf 87' lang='lat' dir='ltr'><strong>tan-</strong></span> 
     </span>
     <span class='ocr_line' id='line_1_24' title="bbox 344 2841 2528 2930; baseline -0 -24"><span class='ocrx_word' id='word_1_215' title='bbox 344 2857 477 2906; x_wconf 85' lang='lat' dir='ltr'><strong>tum</strong></span> <span class='ocrx_word' id='word_1_216' title='bbox 507 2859 707 2930; x_wconf 59' lang='lat' dir='ltr'><strong>notas,</strong></span> <span class='ocrx_word' id='word_1_217' title='bbox 748 2865 897 2925; x_wconf 87' lang='lat' dir='ltr'><strong>quas</strong></span> <span class='ocrx_word' id='word_1_218' title='bbox 928 2842 1004 2902; x_wconf 92' lang='lat' dir='ltr'><strong>ad</strong></span> <span class='ocrx_word' id='word_1_219' title='bbox 1032 2843 1325 2924; x_wconf 62' lang='lat' dir='ltr'><strong>poematis</strong></span> <span class='ocrx_word' id='word_1_220' title='bbox 1362 2842 1590 2900; x_wconf 82' lang='lat' dir='ltr'><strong>calcem</strong></span> <span class='ocrx_word' id='word_1_221' title='bbox 1623 2841 1783 2902; x_wconf 88' lang='lat' dir='ltr'><strong>dedi.</strong></span> <span class='ocrx_word' id='word_1_222' title='bbox 1870 2844 2033 2924; x_wconf 88' lang='lat' dir='ltr'><strong>quod</strong></span> <span class='ocrx_word' id='word_1_223' title='bbox 2064 2844 2138 2903; x_wconf 91' lang='lat' dir='ltr'><strong>de</strong></span> <span class='ocrx_word' id='word_1_224' title='bbox 2169 2848 2528 2907; x_wconf 85' lang='lat' dir='ltr'><strong>carminibus</strong></span> 
     </span>
     <span class='ocr_line' id='line_1_25' title="bbox 340 2944 2527 3026; baseline 0.001 -19"><span class='ocrx_word' id='word_1_225' title='bbox 340 2949 419 3007; x_wconf 90' lang='lat' dir='ltr'><strong>ab</strong></span> <span class='ocrx_word' id='word_1_226' title='bbox 445 2950 724 3026; x_wconf 82' lang='lat' dir='ltr'><strong>Assagrio</strong></span> <span class='ocrx_word' id='word_1_227' title='bbox 752 2945 927 3005; x_wconf 84' lang='lat' dir='ltr'><strong>editis</strong></span> <span class='ocrx_word' id='word_1_228' title='bbox 956 2945 1021 3004; x_wconf 87' lang='lat' dir='ltr'><strong>id</strong></span> <span class='ocrx_word' id='word_1_229' title='bbox 1045 2946 1248 3004; x_wconf 88' lang='lat' dir='ltr'><strong>nullus</strong></span> <span class='ocrx_word' id='word_1_230' title='bbox 1275 2944 1470 3002; x_wconf 86' lang='lat' dir='ltr'><strong>facere</strong></span> <span class='ocrx_word' id='word_1_231' title='bbox 1498 2955 1726 3024; x_wconf 87' lang='lat' dir='ltr'><strong>potest,</strong></span> <span class='ocrx_word' id='word_1_232' title='bbox 1773 2949 1916 3026; x_wconf 88' lang='lat' dir='ltr'><strong>quin</strong></span> <span class='ocrx_word' id='word_1_233' title='bbox 1944 2947 2368 3008; x_wconf 84' lang='lat' dir='ltr'><strong>bibliothecam</strong></span> <span class='ocrx_word' id='word_1_234' title='bbox 2396 2952 2527 3010; x_wconf 91' lang='lat' dir='ltr'><strong>To-</strong></span> 
     </span>
     <span class='ocr_line' id='line_1_26' title="bbox 338 3047 2524 3131; baseline 0.001 -23"><span class='ocrx_word' id='word_1_235' title='bbox 338 3052 607 3109; x_wconf 88' lang='lat' dir='ltr'><strong>letanam</strong></span> <span class='ocrx_word' id='word_1_236' title='bbox 645 3048 852 3124; x_wconf 85' lang='lat' dir='ltr'><strong>adeat,</strong></span> <span class='ocrx_word' id='word_1_237' title='bbox 898 3049 1034 3124; x_wconf 91' lang='lat' dir='ltr'><strong>ubi,</strong></span> <span class='ocrx_word' id='word_1_238' title='bbox 1078 3057 1229 3106; x_wconf 83' lang='lat' dir='ltr'><strong>teste</strong></span> <span class='ocrx_word' id='word_1_239' title='bbox 1263 3048 1518 3106; x_wconf 78' lang='lat' dir='ltr'><strong>Arevalo</strong></span> <span class='ocrx_word' id='word_1_240' title='bbox 1549 3047 1681 3106; x_wconf 87' lang='lat' dir='ltr'><strong>loco</strong></span> <span class='ocrx_word' id='word_1_241' title='bbox 1711 3069 1862 3108; x_wconf 83' lang='lat' dir='ltr'><strong>mox</strong></span> <span class='ocrx_word' id='word_1_242' title='bbox 1891 3053 2065 3109; x_wconf 85' lang='lat' dir='ltr'><strong>citato</strong></span> <span class='ocrx_word' id='word_1_243' title='bbox 2098 3062 2235 3131; x_wconf 87' lang='lat' dir='ltr'><strong>post</strong></span> <span class='ocrx_word' id='word_1_244' title='bbox 2268 3050 2524 3113; x_wconf 86' lang='lat' dir='ltr'><strong>editores</strong></span> 
     </span>
     <span class='ocr_line' id='line_1_27' title="bbox 336 3148 2520 3235; baseline 0 -22"><span class='ocrx_word' id='word_1_245' title='bbox 336 3156 715 3212; x_wconf 79' lang='lat' dir='ltr'><strong>Matritenses</strong></span> <span class='ocrx_word' id='word_1_246' title='bbox 759 3153 1022 3209; x_wconf 83' lang='lat' dir='ltr'><strong>Patrum</strong></span> <span class='ocrx_word' id='word_1_247' title='bbox 1070 3150 1510 3220; x_wconf 83' lang='lat' dir='ltr'><strong>Toletanorum,</strong></span> <span class='ocrx_word' id='word_1_248' title='bbox 1568 3148 1765 3211; x_wconf 82' lang='lat' dir='ltr'><strong>adhuc</strong></span> <span class='ocrx_word' id='word_1_249' title='bbox 1804 3163 2138 3212; x_wconf 83' lang='lat' dir='ltr'><strong>asservatur</strong></span> <span class='ocrx_word' id='word_1_250' title='bbox 2170 3151 2364 3213; x_wconf 86' lang='lat' dir='ltr'><strong>codex</strong></span> <span class='ocrx_word' id='word_1_251' title='bbox 2399 3174 2520 3235; x_wconf 89' lang='lat' dir='ltr'><strong>quo</strong></span> 
     </span>
     <span class='ocr_line' id='line_1_28' title="bbox 336 3253 2516 3332; baseline -0.001 -18"><span class='ocrx_word' id='word_1_252' title='bbox 336 3275 488 3314; x_wconf 82' lang='lat' dir='ltr'><strong>usus</strong></span> <span class='ocrx_word' id='word_1_253' title='bbox 527 3257 724 3314; x_wconf 73' lang='lat' dir='ltr'><strong>iuerat</strong></span> <span class='ocrx_word' id='word_1_254' title='bbox 765 3255 1102 3332; x_wconf 83' lang='lat' dir='ltr'><strong>Assagrius.</strong></span> <span class='ocrx_word' id='word_1_255' title='bbox 1188 3253 1410 3328; x_wconf 87' lang='lat' dir='ltr'><strong>fateor,</strong></span> <span class='ocrx_word' id='word_1_256' title='bbox 1462 3262 1524 3309; x_wconf 91' lang='lat' dir='ltr'><strong>et</strong></span> <span class='ocrx_word' id='word_1_257' title='bbox 1561 3254 1787 3331; x_wconf 87' lang='lat' dir='ltr'><strong>pluries</strong></span> <span class='ocrx_word' id='word_1_258' title='bbox 1828 3255 1895 3311; x_wconf 91' lang='lat' dir='ltr'><strong>in</strong></span> <span class='ocrx_word' id='word_1_259' title='bbox 1935 3257 2088 3314; x_wconf 73' lang='lat' dir='ltr'><strong>notis</strong></span> <span class='ocrx_word' id='word_1_260' title='bbox 2125 3255 2319 3314; x_wconf 84' lang='lat' dir='ltr'><strong>fassus</strong></span> <span class='ocrx_word' id='word_1_261' title='bbox 2360 3276 2516 3331; x_wconf 88' lang='lat' dir='ltr'><strong>sum,</strong></span> 
     </span>
     <span class='ocr_line' id='line_1_29' title="bbox 334 3354 2516 3438; baseline 0 -24"><span class='ocrx_word' id='word_1_262' title='bbox 334 3376 442 3414; x_wconf 87' lang='lat' dir='ltr'><strong>me</strong></span> <span class='ocrx_word' id='word_1_263' title='bbox 471 3359 810 3438; x_wconf 80' lang='lat' dir='ltr'><strong>nequivisse</strong></span> <span class='ocrx_word' id='word_1_264' title='bbox 839 3375 1047 3415; x_wconf 86' lang='lat' dir='ltr'><strong>sanare</strong></span> <span class='ocrx_word' id='word_1_265' title='bbox 1072 3357 1271 3414; x_wconf 89' lang='lat' dir='ltr'><strong>omnia</strong></span> <span class='ocrx_word' id='word_1_266' title='bbox 1294 3356 1496 3413; x_wconf 87' lang='lat' dir='ltr'><strong>ulcera</strong></span> <span class='ocrx_word' id='word_1_267' title='bbox 1529 3372 1682 3434; x_wconf 86' lang='lat' dir='ltr'><strong>quae</strong></span> <span class='ocrx_word' id='word_1_268' title='bbox 1712 3358 1916 3414; x_wconf 78' lang='lat' dir='ltr'><strong>inveni</strong></span> <span class='ocrx_word' id='word_1_269' title='bbox 1942 3359 2006 3415; x_wconf 90' lang='lat' dir='ltr'><strong>in</strong></span> <span class='ocrx_word' id='word_1_270' title='bbox 2039 3354 2241 3415; x_wconf 87' lang='lat' dir='ltr'><strong>codice</strong></span> <span class='ocrx_word' id='word_1_271' title='bbox 2268 3358 2516 3415; x_wconf 72' lang='lat' dir='ltr'><strong>Trivul-</strong></span> 
     </span>
     <span class='ocr_line' id='line_1_30' title="bbox 331 3456 2517 3537; baseline 0.001 -21"><span class='ocrx_word' id='word_1_272' title='bbox 331 3460 535 3534; x_wconf 86' lang='lat' dir='ltr'><strong>tiano,</strong></span> <span class='ocrx_word' id='word_1_273' title='bbox 578 3469 639 3516; x_wconf 89' lang='lat' dir='ltr'><strong>et</strong></span> <span class='ocrx_word' id='word_1_274' title='bbox 681 3459 854 3537; x_wconf 88' lang='lat' dir='ltr'><strong>plura</strong></span> <span class='ocrx_word' id='word_1_275' title='bbox 878 3456 1074 3516; x_wconf 85' lang='lat' dir='ltr'><strong>adhuc</strong></span> <span class='ocrx_word' id='word_1_276' title='bbox 1102 3459 1412 3537; x_wconf 84' lang='lat' dir='ltr'><strong>reliquisse</strong></span> <span class='ocrx_word' id='word_1_277' title='bbox 1440 3458 1514 3514; x_wconf 84' lang='lat' dir='ltr'><strong>iis</strong></span> <span class='ocrx_word' id='word_1_278' title='bbox 1544 3458 1651 3535; x_wconf 89' lang='lat' dir='ltr'><strong>qui</strong></span> <span class='ocrx_word' id='word_1_279' title='bbox 1673 3456 1995 3516; x_wconf 84' lang='lat' dir='ltr'><strong>secundam</strong></span> <span class='ocrx_word' id='word_1_280' title='bbox 2029 3458 2353 3519; x_wconf 87' lang='lat' dir='ltr'><strong>editionem</strong></span> <span class='ocrx_word' id='word_1_281' title='bbox 2380 3480 2517 3519; x_wconf 86' lang='lat' dir='ltr'><strong>sus-</strong></span> 
     </span>
     <span class='ocr_line' id='line_1_31' title="bbox 336 3560 2517 3639; baseline 0.003 -23"><span class='ocrx_word' id='word_1_282' title='bbox 336 3562 595 3637; x_wconf 81' lang='lat' dir='ltr'><strong>cipient,</strong></span> <span class='ocrx_word' id='word_1_283' title='bbox 637 3560 799 3618; x_wconf 86' lang='lat' dir='ltr'><strong>unde</strong></span> <span class='ocrx_word' id='word_1_284' title='bbox 838 3563 1077 3618; x_wconf 84' lang='lat' dir='ltr'><strong>criticen</strong></span> <span class='ocrx_word' id='word_1_285' title='bbox 1121 3578 1293 3618; x_wconf 87' lang='lat' dir='ltr'><strong>suam</strong></span> <span class='ocrx_word' id='word_1_286' title='bbox 1329 3567 1670 3616; x_wconf 83' lang='lat' dir='ltr'><strong>exerceant.</strong></span> <span class='ocrx_word' id='word_1_287' title='bbox 1754 3578 1898 3616; x_wconf 89' lang='lat' dir='ltr'><strong>nam</strong></span> <span class='ocrx_word' id='word_1_288' title='bbox 1943 3560 2106 3639; x_wconf 89' lang='lat' dir='ltr'><strong>quod</strong></span> <span class='ocrx_word' id='word_1_289' title='bbox 2143 3562 2290 3621; x_wconf 87' lang='lat' dir='ltr'><strong>olim</strong></span> <span class='ocrx_word' id='word_1_290' title='bbox 2320 3565 2517 3621; x_wconf 86' lang='lat' dir='ltr'><strong>aiebat</strong></span> 
     </span>
     <span class='ocr_line' id='line_1_32' title="bbox 332 3660 2518 3742; baseline 0.001 -22"><span class='ocrx_word' id='word_1_291' title='bbox 332 3662 617 3721; x_wconf 83' lang='lat' dir='ltr'><strong>Gifanius</strong></span> <span class='ocrx_word' id='word_1_292' title='bbox 655 3661 728 3721; x_wconf 86' lang='lat' dir='ltr'><strong>de</strong></span> <span class='ocrx_word' id='word_1_293' title='bbox 768 3662 1043 3721; x_wconf 89' lang='lat' dir='ltr'><strong>omnibus</strong></span> <span class='ocrx_word' id='word_1_294' title='bbox 1079 3662 1460 3740; x_wconf 85' lang='lat' dir='ltr'><strong>antiquorum</strong></span> <span class='ocrx_word' id='word_1_295' title='bbox 1502 3661 1732 3737; x_wconf 88' lang='lat' dir='ltr'><strong>scriptis</strong></span> <span class='ocrx_word' id='word_1_296' title='bbox 1770 3679 1924 3740; x_wconf 89' lang='lat' dir='ltr'><strong>quae</strong></span> <span class='ocrx_word' id='word_1_297' title='bbox 1966 3660 2043 3719; x_wconf 89' lang='lat' dir='ltr'><strong>ad</strong></span> <span class='ocrx_word' id='word_1_298' title='bbox 2077 3680 2187 3721; x_wconf 90' lang='lat' dir='ltr'><strong>nos</strong></span> <span class='ocrx_word' id='word_1_299' title='bbox 2222 3683 2518 3742; x_wconf 83' lang='lat' dir='ltr'><strong>pervene-</strong></span> 
     </span>
     <span class='ocr_line' id='line_1_33' title="bbox 323 3760 2517 3847; baseline 0.001 -23"><span class='ocrx_word' id='word_1_300' title='bbox 323 3775 506 3840; x_wconf 84' lang='lat' dir='ltr'><strong>runt,</strong></span> <span class='ocrx_word' id='word_1_301' title='bbox 552 3765 618 3824; x_wconf 86' lang='lat' dir='ltr'><strong>id</strong></span> <span class='ocrx_word' id='word_1_302' title='bbox 653 3768 1002 3845; x_wconf 87' lang='lat' dir='ltr'><strong>praesertim</strong></span> <span class='ocrx_word' id='word_1_303' title='bbox 1045 3761 1365 3822; x_wconf 85' lang='lat' dir='ltr'><strong>dicendum</strong></span> <span class='ocrx_word' id='word_1_304' title='bbox 1403 3783 1533 3821; x_wconf 88' lang='lat' dir='ltr'><strong>esse</strong></span> <span class='ocrx_word' id='word_1_305' title='bbox 1568 3781 1701 3820; x_wconf 88' lang='lat' dir='ltr'><strong>reor</strong></span> <span class='ocrx_word' id='word_1_306' title='bbox 1740 3760 1815 3820; x_wconf 89' lang='lat' dir='ltr'><strong>de</strong></span> <span class='ocrx_word' id='word_1_307' title='bbox 1841 3760 1958 3821; x_wconf 91' lang='lat' dir='ltr'><strong>hoc</strong></span> <span class='ocrx_word' id='word_1_308' title='bbox 1987 3764 2162 3824; x_wconf 88' lang='lat' dir='ltr'><strong>unico</strong></span> <span class='ocrx_word' id='word_1_309' title='bbox 2193 3770 2517 3847; x_wconf 85' lang='lat' dir='ltr'><strong>corruptis-</strong></span> 
     </span>
     <span class='ocr_line' id='line_1_34' title="bbox 325 3863 2519 3947; baseline 0 -21"><span class='ocrx_word' id='word_1_310' title='bbox 325 3869 491 3928; x_wconf 81' lang='lat' dir='ltr'><strong>simo</strong></span> <span class='ocrx_word' id='word_1_311' title='bbox 522 3866 723 3926; x_wconf 82' lang='lat' dir='ltr'><strong>codice</strong></span> <span class='ocrx_word' id='word_1_312' title='bbox 756 3868 1019 3947; x_wconf 83' lang='lat' dir='ltr'><strong>Corippi.</strong></span> <span class='ocrx_word' id='word_1_313' title='bbox 1106 3887 1176 3925; x_wconf 77' lang='lat' dir='ltr'><strong>ex</strong></span> <span class='ocrx_word' id='word_1_314' title='bbox 1206 3878 1314 3937; x_wconf 83' lang='lat' dir='ltr'><strong>tot,</strong></span> <span class='ocrx_word' id='word_1_315' title='bbox 1356 3868 1443 3925; x_wconf 88' lang='lat' dir='ltr'><strong>sic</strong></span> <span class='ocrx_word' id='word_1_316' title='bbox 1471 3867 1575 3924; x_wconf 86' lang='lat' dir='ltr'><strong>ille</strong></span> <span class='ocrx_word' id='word_1_317' title='bbox 1610 3867 1676 3923; x_wconf 87' lang='lat' dir='ltr'><strong>in</strong></span> <span class='ocrx_word' id='word_1_318' title='bbox 1705 3863 2016 3945; x_wconf 80' lang='lat' dir='ltr'><strong>Apologia</strong></span> <span class='ocrx_word' id='word_1_319' title='bbox 2032 3886 2151 3945; x_wconf 83' lang='lat' dir='ltr'><strong>pro</strong></span> <span class='ocrx_word' id='word_1_320' title='bbox 2162 3867 2361 3945; x_wconf 67' lang='lat' dir='ltr'><strong>poe’tis</strong></span> <span class='ocrx_word' id='word_1_321' title='bbox 2382 3869 2519 3927; x_wconf 88' lang='lat' dir='ltr'><strong>La-</strong></span> 
     </span>
     <span class='ocr_line' id='line_1_35' title="bbox 327 3966 2518 4047; baseline 0 -19"><span class='ocrx_word' id='word_1_322' title='bbox 327 3971 475 4028; x_wconf 65' lang='lat' dir='ltr'><strong>tinis</strong></span> <span class='ocrx_word' id='word_1_323' title='bbox 516 3967 723 4028; x_wconf 84' lang='lat' dir='ltr'><strong>addita</strong></span> <span class='ocrx_word' id='word_1_324' title='bbox 764 3973 886 4030; x_wconf 83' lang='lat' dir='ltr'><strong>suis</strong></span> <span class='ocrx_word' id='word_1_325' title='bbox 936 3966 1459 4029; x_wconf 72' lang='lat' dir='ltr'><strong>Observationibus</strong></span> <span class='ocrx_word' id='word_1_326' title='bbox 1501 3969 1566 4026; x_wconf 86' lang='lat' dir='ltr'><strong>in</strong></span> <span class='ocrx_word' id='word_1_327' title='bbox 1601 3967 1880 4047; x_wconf 73' lang='lat' dir='ltr'><strong>linguam</strong></span> <span class='ocrx_word' id='word_1_328' title='bbox 1913 3969 2209 4027; x_wconf 81' lang='lat' dir='ltr'><strong>Latinam</strong></span> <span class='ocrx_word' id='word_1_329' title='bbox 2241 3969 2518 4029; x_wconf 82' lang='lat' dir='ltr'><strong>Francof.</strong></span> 
     </span>
     <span class='ocr_line' id='line_1_36' title="bbox 331 4069 2527 4151; baseline -0.002 -17"><span class='ocrx_word' id='word_1_330' title='bbox 331 4069 500 4134; x_wconf 83' lang='lat'><strong>1624</strong></span> <span class='ocrx_word' id='word_1_331' title='bbox 528 4092 591 4151; x_wconf 85' lang='lat' dir='ltr'><strong>p.</strong></span> <span class='ocrx_word' id='word_1_332' title='bbox 623 4070 779 4144; x_wconf 80' lang='lat'>458,</span> <span class='ocrx_word' id='word_1_333' title='bbox 826 4092 895 4130; x_wconf 78' lang='lat' dir='ltr'><strong>ex</strong></span> <span class='ocrx_word' id='word_1_334' title='bbox 934 4082 1021 4129; x_wconf 83' lang='lat' dir='ltr'><strong>tot</strong></span> <span class='ocrx_word' id='word_1_335' title='bbox 1054 4074 1411 4150; x_wconf 81' lang='lat' dir='ltr'><strong>optimorum</strong></span> <span class='ocrx_word' id='word_1_336' title='bbox 1448 4069 1739 4129; x_wconf 82' lang='lat' dir='ltr'><strong>librorum</strong></span> <span class='ocrx_word' id='word_1_337' title='bbox 1780 4069 2024 4129; x_wconf 79' lang='lat' dir='ltr'><strong>milibus</strong></span> <span class='ocrx_word' id='word_1_338' title='bbox 2049 4073 2411 4150; x_wconf 78' lang='lat' dir='ltr'><strong>paucissimi</strong></span> <span class='ocrx_word' id='word_1_339' title='bbox 2436 4071 2527 4129; x_wconf 82' lang='lat' dir='ltr'><strong>ad</strong></span> 
     </span>
     <span class='ocr_line' id='line_1_37' title="bbox 322 4172 2517 4253; baseline 0 -24"><span class='ocrx_word' id='word_1_340' title='bbox 322 4191 441 4229; x_wconf 82' lang='lat' dir='ltr'><strong>nos</strong></span> <span class='ocrx_word' id='word_1_341' title='bbox 455 4215 481 4244; x_wconf 90' lang='lat'><em>,</em></span> <span class='ocrx_word' id='word_1_342' title='bbox 540 4175 705 4253; x_wconf 84' lang='lat' dir='ltr'><strong>iique</strong></span> <span class='ocrx_word' id='word_1_343' title='bbox 737 4183 863 4234; x_wconf 80' lang='lat' dir='ltr'><strong>tam</strong></span> <span class='ocrx_word' id='word_1_344' title='bbox 903 4175 1171 4234; x_wconf 80' lang='lat' dir='ltr'><strong>mendosi</strong></span> <span class='ocrx_word' id='word_1_345' title='bbox 1203 4194 1280 4231; x_wconf 88' lang='lat' dir='ltr'><strong>ac</strong></span> <span class='ocrx_word' id='word_1_346' title='bbox 1324 4173 1510 4232; x_wconf 86' lang='lat' dir='ltr'><strong>laceri</strong></span> <span class='ocrx_word' id='word_1_347' title='bbox 1525 4184 1930 4251; x_wconf 64' lang='lat' dir='ltr'><strong>pervenerunt</strong></span> <span class='ocrx_word' id='word_1_348' title='bbox 1941 4215 1969 4245; x_wconf 84' lang='lat'><em>‚</em></span> <span class='ocrx_word' id='word_1_349' title='bbox 2024 4184 2093 4231; x_wconf 86' lang='lat' dir='ltr'><strong>ut</strong></span> <span class='ocrx_word' id='word_1_350' title='bbox 2115 4173 2268 4251; x_wconf 80' lang='lat' dir='ltr'><strong>plus</strong></span> <span class='ocrx_word' id='word_1_351' title='bbox 2294 4172 2517 4231; x_wconf 79' lang='lat' dir='ltr'><strong>laboris</strong></span> 
     </span>
     <span class='ocr_line' id='line_1_38' title="bbox 314 4273 2518 4358; baseline -0 -25"><span class='ocrx_word' id='word_1_352' title='bbox 314 4273 636 4338; x_wconf 64' lang='lat' dir='ltr'><strong>subimus</strong></span> <span class='ocrx_word' id='word_1_353' title='bbox 662 4278 742 4335; x_wconf 69' lang='lat' dir='ltr'><strong>sit</strong></span> <span class='ocrx_word' id='word_1_354' title='bbox 770 4280 879 4356; x_wconf 82' lang='lat' dir='ltr'><strong>qui</strong></span> <span class='ocrx_word' id='word_1_355' title='bbox 908 4278 1046 4336; x_wconf 78' lang='lat' dir='ltr'><strong>illos</strong></span> <span class='ocrx_word' id='word_1_356' title='bbox 1071 4299 1400 4358; x_wconf 77' lang='lat' dir='ltr'><strong>expurgare</strong></span> <span class='ocrx_word' id='word_1_357' title='bbox 1428 4278 1574 4337; x_wconf 74' lang='lat' dir='ltr'><strong>velit</strong></span> <span class='ocrx_word' id='word_1_358' title='bbox 1586 4321 1613 4349; x_wconf 89' lang='lat'><em>,</em></span> <span class='ocrx_word' id='word_1_359' title='bbox 1671 4295 1859 4356; x_wconf 82' lang='lat' dir='ltr'><strong>quam</strong></span> <span class='ocrx_word' id='word_1_360' title='bbox 1898 4275 2198 4355; x_wconf 66' lang='lat' dir='ltr'><strong>ajosijbroe</strong></span> <span class='ocrx_word' id='word_1_361' title='bbox 2224 4276 2368 4334; x_wconf 75' lang='lat' dir='ltr'><strong>olim</strong></span> <span class='ocrx_word' id='word_1_362' title='bbox 2397 4293 2518 4330; x_wconf 80' lang='lat' dir='ltr'><strong>au-</strong></span> 
     </span>
     <span class='ocr_line' id='line_1_39' title="bbox 302 4376 2515 4461; baseline -0.003 -20"><span class='ocrx_word' id='word_1_363' title='bbox 302 4391 530 4441; x_wconf 73' lang='lat' dir='ltr'><strong>ctores.</strong></span> <span class='ocrx_word' id='word_1_364' title='bbox 623 4376 867 4440; x_wconf 77' lang='lat' dir='ltr'><strong>nullam</strong></span> <span class='ocrx_word' id='word_1_365' title='bbox 907 4382 1065 4440; x_wconf 84' lang='lat' dir='ltr'><strong>enim</strong></span> <span class='ocrx_word' id='word_1_366' title='bbox 1099 4401 1232 4439; x_wconf 73' lang='lat' dir='ltr'><strong>vere</strong></span> <span class='ocrx_word' id='word_1_367' title='bbox 1273 4382 1658 4461; x_wconf 81' lang='lat' dir='ltr'><strong>antiquorum</strong></span> <span class='ocrx_word' id='word_1_368' title='bbox 1699 4382 1989 4459; x_wconf 81' lang='lat' dir='ltr'><strong>scriptum</strong></span> <span class='ocrx_word' id='word_1_369' title='bbox 2028 4379 2121 4438; x_wconf 83' lang='lat' dir='ltr'><strong>ad</strong></span> <span class='ocrx_word' id='word_1_370' title='bbox 2154 4398 2263 4438; x_wconf 82' lang='lat' dir='ltr'><strong>nos</strong></span> <span class='ocrx_word' id='word_1_371' title='bbox 2300 4377 2515 4449; x_wconf 73' lang='lat' dir='ltr'><strong>evasit,</strong></span> 
     </span>
    </p>
   </div>
  </div>
 </body>
</html>
