3210 5200
896 420 1011 486 na
1057 420 1463 489 muamus
1497 418 1888 536 insrmfi
2291 418 2442 495 459

298 584 619 644 Narcissus
654 585 898 646 lihertus
945 585 1189 646 Claudii
1218 586 1653 665 potentissimus
1691 586 1959 667 idemque
1987 587 2307 648 ditissz’mua
2334 609 2439 648 ew·

294 669 543 727 nuchus.
634 671 775 730 Seu.
802 672 1045 750 praefat.
1073 672 1179 731 lib.
1208 672 1249 734 4
1274 683 1395 729 nat.
1423 683 1681 751 quaest.:
1741 672 2010 730 Messala
2040 684 2093 729 et
2116 674 2437 736 Asara-issue

291 755 402 812 diu
415 753 654 833 publici
673 756 880 813 hostes.
970 755 1099 814 dixi
1127 774 1208 813 ex
1231 758 1430 813 multis
1458 757 1589 814 aliis
1615 755 1692 813 ad
1714 755 1865 814 illud
1892 756 2198 815 Claudiani
2223 761 2286 816 in
2307 761 2434 817 Eu-

289 849 444 919 trop.
484 843 551 900 1:
608 839 731 896 iam
762 841 1149 919 Chrysogonis
1178 851 1310 910 tua,
1353 841 1542 898 Brute
1547 884 1567 909 ,
1599 851 1862 919 poteslas·
1883 841 2304 920 ¹IV«rei-sxsn’aq11e
2322 842 2437 903 da-

288 933 412 979 tur.
454 924 729 986 Danu-ST.
812 935 980 984 notes
1022 926 1207 982 velim
1245 945 1380 982 cum
1415 928 1596 1002 Pagio
1641 923 1718 982 ad
1764 945 1820 982 a.
1848 926 1969 988 567
2012 936 2131 983 tres
2164 931 2435 989 Narsetes

287 1008 616 1085 imperante
659 1011 880 1067 Iustino
926 1010 1285 1067 inclaruisse.
1372 1008 1445 1066 de
1475 1009 1702 1068 duobus
1727 1010 1988 1089 loquitur
2012 1013 2329 1089 Procopius
2360 1012 2436 1074 de

286 1091 449 1149 bello
478 1088 656 1150 Goth.
681 1097 722 1155 2
766 1097 862 1155 13.
945 1092 1158 1153 horum
1196 1096 1418 1172 primus
1457 1093 1671 1172 spado,
1731 1113 2027 1153 sacrarum
2055 1097 2435 1172 largitionum

287 1196 520 1250 comes,
576 1197 712 1248 cum
753 1176 1079 1255 praefectus
1127 1179 1329 1237 Italiae
1371 1189 1554 1252 esset,
1611 1176 1867 1256 Sophiae
1894 1182 2048 1256 Aug.
2078 1183 2256 1238 minis
2290 1202 2433 1261 per-

283 1259 522 1318 territus
554 1259 1003 1339 Langobardos,
1048 1272 1115 1318 ut
1142 1264 1204 1319 in
1232 1264 1464 1319 Italiam
1489 1265 1784 1337 venirent,
1828 1265 2114 1321 invitavit.
2198 1263 2296 1323 hic
2321 1286 2432 1326 ne·-

285 1364 403 1423 que
434 1345 623 1401 forma
654 1355 711 1402 et
744 1365 841 1402 ore
871 1347 1118 1423 insignis
1151 1357 1307 1421 erat,
1354 1363 1466 1404 nec
1490 1349 1750 1420 iuvenis,
1796 1345 1900 1404 sed
1930 1367 2113 1405 senex
2142 1358 2268 1407 tum
2295 1370 2431 1411 cum

281 1432 539 1486 Iustinus
566 1431 880 1507 imperium
913 1433 1186 1508 suscepit.
1271 1432 1419 1488 alter
1447 1431 1518 1487 ab
1550 1432 1843 1489 Armeniis
1873 1434 2066 1490 Persis
2103 1430 2179 1489 ad
2209 1436 2430 1494 Roma-

280 1533 428 1586 nos,
477 1523 626 1571 teste
675 1516 997 1593 Procopio,
1043 1516 1434 1592 transfugerat
1478 1535 1611 1571 cum
1655 1518 1854 1572 Aratio
1894 1517 2103 1589 fratre,
2163 1528 2221 1574 et
2253 1520 2429 1599 periit

277 1597 441 1654 bello
479 1599 714 1656 Persico
759 1599 867 1656 sub
912 1597 1122 1657 eodem
1146 1602 1416 1673 justino,
1487 1609 1553 1656 ut
1590 1598 1753 1655 idem
1791 1602 2108 1678 Procopius
2148 1599 2222 1659 de
2268 1603 2425 1662 bello

276 1684 443 1742 Pers.
473 1686 512 1742 2
550 1682 633 1744 25
658 1692 919 1744 testatur.
1002 1685 1231 1741 iuvenis
1260 1694 1319 1740 et
1338 1685 1526 1740 sonna
1555 1683 1888 1760 spectabilis
1915 1688 2158 1757 Names,
2205 1683 2277 1745 de
2305 1707 2424 1767 quo

276 1764 381 1822 hic
420 1767 680 1844 loquitur
709 1768 1025 1846 corippus,
1087 1769 1189 1825 ille
1222 1779 1309 1826 est
1339 1765 1412 1824 de
1443 1788 1559 1847 quo
1593 1765 1994 1846 Theophanes
2022 1768 2099 1826 ad
2126 1789 2180 1829 a.
2219 1775 2292 1835 16
2319 1773 2424 1831 Iu-

278 1851 420 1908 stini
458 1851 686 1908 scribit:
741 1851 853 1909 hoc
891 1871 1051 1910 anno
1093 1850 1320 1910 Nat-ses
1362 1851 1762 1909 cubicularius
1799 1864 1853 1909 et
1887 1852 2425 1931 pmtospathariln,

277 1937 388 2012 qui
417 1934 643 1992 Iustino
669 1936 815 1993 adeo
840 1955 1015 1993 eorus
1026 1937 1165 2015 ficit
1190 1929 1257 1994 ιίι
1278 1938 1404 1994 eius
1433 1938 1639 2014 gratia
1679 1935 1951 1993 ludibriis
1977 1951 2424 2017 respergeretur,

274 2019 518 2076 domum
543 2017 813 2077 N'wsetis
833 2022 1157 2078 construxit
1176 2032 1233 2077 et
1263 2019 1652 2079 Cadent-orum
1675 2023 2109 2081 monasterium.
2189 2021 2289 2083 hic
2311 2026 2420 2084 sub

272 2105 560 2161 Mauricio
607 2107 803 2163 Persis
840 2115 1004 2164 tanto
1055 2108 1263 2163 terrori
1305 2106 1420 2161 fuit
1471 2115 1539 2162 ut
1574 2108 1889 2162 Persarum
1923 2106 2176 2164 infantes
2218 2106 2420 2168 audito

272 2190 533 2247 Narsetis
573 2191 812 2246 nomine
853 2199 1189 2246 tremerent.
1272 2187 1410 2247 vide
1433 2190 1603 2269 plura
1629 2187 1789 2267 apud
1811 2187 2328 2271 Theophylactum
2357 2195 2422 2251 in

270 2274 530 2329 Historia
552 2273 927 2329 Mauriciano.
1010 2274 1204 2331 Foco.

441 2357 585 2418 370.
668 2356 925 2434 Parius]
999 2358 1241 2414 Parium
1283 2352 1547 2434 lapidem
1599 2358 1724 2417 sive
1772 2378 2031 2418 marmor
2079 2377 2200 2416 non
2244 2359 2419 2420 facile

270 2440 666 2516 persuaserim
710 2437 861 2496 mihi
900 2458 1041 2497 auro
1085 2437 1310 2497 includi
1358 2442 1631 2515 solitum,
1688 2444 1805 2500 nisi
1852 2444 2003 2501 forte
2044 2443 2346 2503 columnas
2384 2466 2419 2505 e

270 2533 565 2580 marmore
592 2523 913 2581 bracteatas
940 2525 1371 2602 intelligamus,
1428 2524 1589 2605 quod
1617 2529 1757 2584 satis
1783 2527 2075 2585 familiare
2092 2570 2108 2600 ,
2166 2526 2273 2586 sed
2296 2548 2419 2588 non

271 2609 547 2665 convenit
578 2606 716 2665 huic
747 2609 907 2666 loco:
948 2628 1090 2666 nam
1130 2611 1414 2668 annulum
1437 2612 1656 2688 insigni
1682 2632 1915 2689 gemma
1946 2622 2217 2670 ornatum
2244 2611 2418 2673 vide-

266 2701 367 2749 tur
407 2691 753 2750 describere.
839 2695 1039 2749 censui
1072 2696 1252 2771 igitur
1288 2693 1726 2753 rescribendinn
1757 2697 2024 2756 leraae
2051 2697 2417 2779 lapis„quia

265 2777 331 2833 in
376 2778 646 2855 Aegypto
692 2775 997 2852 smaragdi
1025 2789 1374 2852 nascuntur,
1416 2779 1605 2837 Solin-
1646 2782 1753 2850 19,
1795 2780 1949 2837 Plin.
1988 2784 2066 2843 37
2108 2782 2147 2843 5
2191 2790 2250 2839 et
2289 2783 2413 2859 alii,

267 2870 328 2918 et
360 2861 547 2938 opali,
591 2860 855 2918 eiusdem
882 2860 1017 2918 libri
1046 2881 1098 2920 c.
1128 2866 1200 2937 6,
1243 2863 1382 2920 licet
1414 2864 1596 2920 sciam
1631 2861 1922 2922 Isidorum
1954 2867 2029 2927 16
2072 2868 2147 2928 12
2189 2862 2415 2927 dixisse

262 2945 330 3004 iu
371 2946 498 3003 sola
533 2943 700 3003 India
736 2945 977 3022 opalum
1004 2948 1185 3004 nasci.
1268 2944 1516 3005 Pharius
1546 2948 1695 3025 lapis
1726 2950 1906 3025 igitur
1930 2950 2038 3005 erit
2066 2949 2410 3029 smaragdus

264 3039 370 3086 aut
417 3030 623 3107 opalus
660 3030 842 3106 'palae
883 3028 1171 3102 inclusnsg
1216 3041 1316 3087 aut
1358 3042 1511 3087 certe
1549 3033 1952 3111 Aegyptillam
1983 3052 2281 3109 gemmam
2311 3038 2410 3093 ni-

263 3132 466 3190 gram,
534 3132 712 3194 quam
751 3114 876 3171 sola
916 3116 1217 3193 Aegyptus
1256 3118 1534 3194 parturit,
1595 3115 1739 3176 Isid.
1786 3120 1862 3181 16
1912 3118 2022 3190 11,
2080 3118 2410 3197 intelligere

261 3217 595 3275 possumus.
654 3217 829 3276 supra
857 3201 896 3259 3
945 3201 1041 3261 16.
1122 3200 1270 3255 Levi
1304 3198 1454 3256 haec
1487 3202 1711 3258 calamo
1740 3201 2004 3259 absoluta
2034 3203 2203 3260 citius
2228 3220 2409 3282 quam

263 3279 567 3355 inchoata,
609 3283 674 3338 in
704 3283 948 3362 quibus,
992 3292 1060 3338 ut
1080 3278 1333 3340 hirundo
1362 3286 1608 3360 Byziam
1647 3286 1844 3363 (Plin.
1878 3288 1955 3348 10
1996 3283 2116 3363 24)
2159 3290 2409 3348 otiosam

259 3365 575 3423 verborum
607 3384 887 3444 pompam
924 3363 1234 3437 declinavi,
1318 3367 1392 3423 ob
1417 3365 1481 3423 id
1504 3368 1702 3425 nullus
1737 3367 1887 3425 mihi
1911 3379 2104 3427 metus
2131 3389 2207 3427 ne
2232 3373 2410 3430 Anti-

262 3445 503 3525 phnntis
545 3448 724 3524 (Sen.
754 3454 795 3513 2
820 3448 1068 3507 declam.
1101 3447 1171 3526 1)
1216 3460 1316 3506 aut
1342 3450 1580 3507 Seviaui
1624 3449 1803 3529 (Seu.
1833 3452 1873 3513 5
1900 3460 2157 3510 controv.
2188 3445 2261 3532 1')
2303 3464 2406 3513 aut
2461 3482 2464 3485 “

261 3530 508 3611 Didymi
550 3532 831 3611 (Quintil.
860 3539 889 3596 1
936 3536 1018 3606 8)
1058 3529 1172 3590 hoc
1210 3530 1494 3591 habeatur
1530 3554 1711 3613 opus,
1751 3536 1870 3593 nisi
1897 3535 2045 3595 forte
2075 3555 2111 3592 a
2138 3538 2404 3598 Procello

263 3617 445 3695 (Sen-
489 3616 728 3675 Suasor.
766 3614 880 3694 2),
935 3619 1030 3674 cui
1074 3636 1182 3695 ego
1229 3616 1510 3676 suadeam
1557 3619 2169 3696 cucurbitaspiugere
2208 3624 2402 3699 potius

260 3720 443 3779 quam
472 3720 608 3758 cnm
634 3698 818 3759 doctis
846 3701 1130 3760 altercari.
1215 3712 1367 3760 certe
1408 3701 1613 3760 nullus
1638 3705 2071 3780 eortim'pmenae,
2110 3706 2190 3762 ait
2220 3708 2402 3764 Luci-

256 3787 394 3856 lius,
441 3806 578 3843 cum
602 3785 904 3844 dominam
930 3787 1258 3863 mungerii,
1298 3786 1447 3844 me'lei
1469 3787 1727 3844 ancillas
1753 3787 2188 3864 dedignabitur.
2253 3791 2401 3851 alios

262 3866 415 3925 nihil
455 3890 682 3944 moror,
734 3889 846 3927 nec
885 3872 1033 3926 tanti
1076 3868 1221 3928 haec
1259 3872 1449 3929 fateor
1484 3882 1550 3929 ut
1590 3870 1839 3929 debeam
1870 3876 2057 3929 vereri
2091 3871 2396 3935 invidiam.

261 3954 540 4011 Damam.
621 3956 929 4031 Virgilium
959 3954 1222 4012 imitatur
1250 3957 1400 4012 Aen.
1439 3960 1466 4017 1
1511 3956 1653 4020 596.
1739 3976 1853 4034 quo
1878 3957 1940 4012 in
1969 3958 2094 4014 loco
2120 3959 2398 4037 Virgilius

264 4037 411 4092 ebur
436 4047 741 4113 argentum
763 4039 1119 4117 Pariumque
1146 4038 1408 4116 lapidem
1429 4038 1686 4113 inducit,
1732 4040 1943 4119 quibus
1968 4044 2183 4099 circtun
2210 4041 2398 4103 adda-

263 4130 360 4177 tur
400 4138 639 4194 aurum,
683 4130 747 4177 ut
782 4124 1072 4198 expriinat
1109 4124 1399 4181 Venerem
1435 4133 1685 4184 matrem
1723 4126 1959 4182 Aeneae
1989 4126 2145 4200 filio,
2189 4137 2398 4186 natura

261 4223 368 4261 sua
396 4201 673 4280 pulchro,
711 4224 927 4262 novam
956 4203 1453 4283 pulchritudinem
1481 4207 1810 4283 addidisse,
1848 4219 1913 4267 ut
1935 4213 2153 4286 gratior
2176 4210 2394 4271 Didoni

259 4296 585 4366 appareret.
680 4298 749 4347 at
782 4290 1066 4368 Corippns
1109 4288 1375 4373 achatem
1416 4312 1524 4371 pro
1569 4303 1811 4372 argento
1850 4293 2074 4354 inducit
2090 4338 2108 4371 ,
2162 4306 2220 4355 et
2255 4293 2393 4355 hinc
2457 4338 2460 4345 „
