3210 5200
1011 411 1129 477 DE
1159 394 1588 479 LA‘unmth
1638 409 1973 480 rusum.
2360 376 2368 384 ’
2436 416 2580 490 361

399 584 601 643 nuere.
686 589 919 639 mutata
959 588 1162 637 autem
1190 578 1384 637 forma
1418 576 1636 637 horum
1665 597 2029 658 magnopere
2058 579 2172 639 fuit
2195 584 2579 661 sequentibus

399 667 765 748 temporibus
812 663 957 744 (hoc
997 664 1161 721 enim
1202 662 1412 743 quod
1395 683 1459 722 ιιι
1493 661 1667 722 dictis
1701 664 1972 723 iconibus
1998 665 2383 744 imperatores
2406 669 2578 728 laevo

398 757 619 813 lacerto
651 761 899 831 gerunt,
964 750 1272 827 cingulum
1309 751 1515 830 utique
1556 754 1705 822 est),
1751 760 1816 807 ut
1848 758 1907 807 et
1942 747 2382 809 diadematum·
2442 774 2579 812 cum

399 842 565 898 enim
601 838 790 896 fascia
825 838 983 894 e'sset
1025 835 1132 892 illa
1177 834 1359 909 olim,
1413 834 1612 936 coepit
1649 834 1897 912 pensilis
1941 833 2085 893 ordo
2128 838 2581 915 margaritarum

399 926 772 1003 aliarumque
812 938 1187 999 gemmarum
1224 938 1261 976 a
1301 919 1492 997 capite
1537 938 1774 977 summo
1801 917 1882 978 ad
1905 916 2188 1026 humeros
2216 940 2407 1002 usque
2432 922 2581 999 fieri,

401 1019 467 1068 ut
495 1006 709 1068 vides
693 1027 757 1065 ιιι
782 1003 1016 1065 iisdem
1029 1005 1295 1084 picturis.
1375 1006 1628 1063 Βιιιτιι.

568 1095 673 1155 91.
761 1090 991 1161 lumen,
1029 1086 1149 1148 hoc
1179 1098 1270 1147 est
1294 1090 1505 1165 solem,
1554 1086 1819 1148 reddidit
1850 1090 2015 1148 velut
2045 1090 2357 1149 clariorem
2391 1089 2585 1152 diem-

401 1196 522 1258 que
548 1178 741 1267 magis
765 1177 1079 1235 illustrem.
1163 1171 1272 1232 sed
1297 1195 1378 1233 ex
1403 1195 1462 1234 v.
1494 1177 1638 1248 108,
1682 1171 1845 1254 quod
1868 1176 2012 1233 solis
2039 1172 2275 1256 dieique
2299 1176 2585 1255 diximus,

401 1264 598 1342 potius
635 1280 935 1321 cereorum
972 1260 1315 1339 faciumque
1352 1261 1559 1319 lumen
1597 1261 1737 1318 fuit.
1821 1259 2054 1366 regalia
2091 1272 2293 1320 autem
2318 1264 2588 1323 membra
2636 1278 2637 1283 ’

401 1360 667 1421 venusta,
697 1344 1032 1423 magnifica,
1062 1346 1320 1423 insignia
1351 1343 1538 1403 dixit.
1568 1347 1812 1424 πρῶτον
1837 1367 1950 1426 γαρ
1976 1339 2138 1420 εἶδος
2166 1342 2338 1420 ἄξιον
2365 1366 2588 1426 τυραν-

398 1433 602 1507 νίδυς,
644 1442 714 1490 ιιι
745 1433 828 1489 ait
854 1427 1195 1507 Euripides.
1278 1449 1423 1488 nam
1454 1431 1656 1488 vultus
1693 1441 1754 1488 et
1781 1440 2054 1533 aspectus
2082 1450 2291 1509 regum
2320 1433 2587 1536 regalem

401 1520 581 1575 etiam
595 1518 969 1575 maiestatem
994 1534 1139 1620 prae
1152 1535 1218 1573 se
1230 1515 1366 1574 fert.
1394 1518 1640 1574 Nonnus
1667 1518 1739 1577 8·
1772 1507 2155 1594 domomum
2175 1539 2290 1598 γαρ
2308 1510 2587 1582 oe’vdmm

401 1596 727 1683 αὐτόματοι
753 1597 1010 1681 κήρυκες
1033 1594 1328 1673 ἆναυδᾶις
1357 1599 1511 1663 εἰσιν
1532 1592 1797 1663 ὄπωπαί.
1880 1602 2129 1659 But-ru.

567 1689 672 1749 93.
757 1706 866 1766 pro
895 1685 1128 1744 aethere
1137 1687 1488 1765 «repositum
1525 1695 1617 1744 est
1649 1684 1886 1756 aethra,
1931 1695 1999 1742 ut
2021 1688 2086 1743 in
2114 1686 2389 1764 proxime
2430 1686 2582 1748 duo-

404 1771 515 1829 bus
543 1772 1044 1852 subsequentibus
1075 1771 1345 1830 versibus
1377 1772 1504 1830 vieo
1530 1780 1591 1828 et
1619 1770 1715 1827 die
1738 1789 1845 1848 pro
1878 1771 2014 1827 νίιιι
2041 1780 2101 1828 et
2130 1770 2307 1828 diem.
2395 1776 2585 1834 Rmz.

406 1867 534 1915 erat
563 1860 627 1914 in
650 1867 881 1916 vetusto
915 1855 1115 1915 codice
1145 1856 1402 1927 aethere,
1446 1853 1737 1913 mendum
1758 1854 2006 1913 librarii.
2090 1856 2372 1916 Drursr.

573 1942 676 2007 94.
760 1941 1031 2000 ardentes
1065 1942 1297 2021 radica]
1362 1942 1503 2021 quia
1549 1939 1855 1998 ardentior
1895 1938 1986 1998 sol
2022 1959 2133 2018 per
2166 1942 2356 2001 nubes
2397 1953 2582 2004 terras

403 2027 704 2086 illustrat.'
766 2029 852 2087 sic
884 2024 1240 2086 Plutarchus
1284 2027 1608 2084 amicitiam
1665 2024 1820 2084 odiis
1871 2026 2240 2085 exorientem
2279 2026 2583 2101 ardentio-

404 2133 533 2170 rem
570 2111 714 2171 dicit
729 2157 748 2188 ‚
798 2131 922 2171 non
953 2133 1123 2172 secus
1165 2131 1235 2170 ac
1269 2112 1460 2172 solem
1494 2121 1659 2169 trans
1690 2110 1882 2169 nubes
1920 2113 2398 2172 aestuantiorem.
2482 2117 2584 2172 ιἰι-

404 2196 516 2255 bar
565 2210 767 2257 autem
815 2200 1006 2258 solem
1063 2196 1354 2275 designat.
1461 2196 1783 2274 Virgilius:
1837 2196 1888 2251 it
1912 2196 2108 2272 portis
2144 2194 2352 2254 iubare
2395 2210 2586 2257 exorto

298 2292 304 2300 “
401 2282 629 2341 delecta
669 2286 961 2341 iuventus.
1023 2284 1275 2341 Βιιιτιι.
1400 2282 1558 2360 viso]
1646 2280 1764 2340 hoc
1802 2299 2041 2361 quoque
2085 2293 2425 2360 corruptum
2461 2295 2588 2343 erat

407 2379 472 2425 et
509 2370 646 2425 νίιιι
676 2367 1006 2446 legebatur.
1106 2368 1241 2445 pari
1285 2367 1521 2424 inscitia
1559 2366 1760 2438 diem,
1847 2375 1908 2423 et
1960 2363 2117 2424 illud
2176 2364 2589 2468 depravatum.

406 2454 561 2510 bene
587 2455 925 2511 restitutum
949 2451 1046 2509 die
1070 2472 1179 2531 pro
1203 2451 1381 2510 dion.
1427 2451 1711 2511 Dnu’sr.
1795 2452 1998 2509 omnia
2025 2453 2183 2530 viso]
2228 2454 2313 2510 sic
2347 2456 2591 2514 Ruizius

409 2540 726 2617 Assagrius
753 2548 813 2596 et
837 2548 973 2618 post
1000 2557 1140 2596 eum
1162 2538 1549 2616 Dempsterus
1578 2556 1915 2616 reposuere,
1943 2556 2083 2595 cum
2110 2538 2406 2637 legeretur
2431 2541 2596 2612 visu,

412 2634 475 2682 et
503 2624 678 2682 diem.
768 2623 877 2683 sed
904 2622 1068 2682 haud
1093 2621 1271 2681 dubie
1297 2624 1612 2701 scripserat
1631 2624 1953 2703 corippus.
1984 2626 2188 2681 omnia
2220 2626 2415 2684 visum
2450 2646 2597 2684 con-

406 2709 680 2788 gaudent
715 2708 1000 2767 elementa
1035 2709 1213 2766 da'cm.
1300 2709 1556 2781 lineola,
1618 2727 1772 2788 quae
1807 2709 1938 2767 loco
1974 2709 2206 2766 litterae
2246 2729 2309 2766 m
2346 2721 2526 2790 super
2551 2733 2595 2769 ιι

413 2796 608 2854 fuerat
634 2804 897 2870 exarata,
928 2814 964 2853 a
984 2793 1258 2876 sequenti
1278 2793 1521 2851 librario
1544 2794 1818 2871 neglecta
1844 2803 1953 2868 est,
1983 2804 2049 2853 ut
2072 2792 2140 2851 id
2161 2793 2290 2851 fieri
2312 2796 2595 2876 frequen-

413 2888 507 2938 ter
546 2878 805 2956 adsolet,
882 2889 941 2938 et
982 2881 1186 2959 plures
1231 2887 1511 2936 notarunt
1549 2879 1685 2952 alii,
1753 2897 1823 2936 ac
1860 2881 1994 2959 quis
2032 2877 2283 2938 nescit?
2349 2884 2592 2941 Voncx.

412 2966 616 3023 omnia
639 2967 765 3024 vieo
790 2964 1168 3045 congaudent
1193 2963 1477 3022 elementa
1499 2963 1616 3043 die]
1647 2961 1796 3023 haec
1824 2965 2200 3043 interpolatio
2223 2975 2312 3024 est
2325 2964 2595 3027 Michae-

410 3051 489 3110 lis
516 3053 817 3130 Assagrii,
878 3053 982 3131 qui
1009 3048 1168 3108 edito
1195 3046 1311 3108 hoc
1334 3055 1512 3128 po‘eta
1544 3069 1789 3109 omnem
1811 3050 1927 3109 sibi
1950 3053 2355 3130 posteritatem
2382 3050 2594 3111 devin-

410 3138 525 3195 xit.
566 3139 632 3194 in
655 3156 840 3195 manu
867 3146 1112 3194 exarato
1140 3135 1292 3193 libro
1318 3135 1466 3194 fuit:
1511 3138 1714 3194 omnia
1743 3138 1877 3195 visu
1908 3137 2285 3215 congaudent
2310 3136 2595 3195 elementa
2686 3175 2689 3178 Δ

413 3221 571 3280 diem
587 3244 607 3279 .-
668 3242 749 3281 ex
785 3241 903 3303 quo
944 3222 1196 3280 coniecit
1221 3219 1526 3300 quondam
1557 3223 1725 3279 Elias
1749 3219 2067 3280 Putschius
2098 3222 2293 3279 visum
2324 3243 2594 3302 congau-

419 3306 563 3363 dent
585 3306 872 3365 elementa
896 3306 1071 3365 dion.
1121 3325 1264 3365 sane
1295 3306 1494 3382 potius
1525 3303 1808 3363 credibile
1833 3325 2019 3388 unam
2043 3307 2303 3366 litteram
2332 3305 2592 3367 defuisse

381 3425 382 3428 =
419 3393 486 3448 in
524 3394 739 3470 scripto
780 3390 980 3450 codice
1010 3410 1195 3472 quam
1234 3387 1382 3447 duas
1417 3398 1677 3452 mutatas
1698 3389 1904 3448 fuisse.
1991 3392 2368 3470 congaudent
2394 3397 2598 3451 omnia

421 3474 705 3534 elementa
734 3478 930 3535 visum
955 3477 1114 3534 diem
1148 3471 1397 3556 pulchre
1437 3474 1731 3553 expressit
1771 3471 1932 3553 quod
1959 3477 2041 3532 ait
2070 3475 2465 3547 Claudianus:
2507 3480 2596 3534 ri-

422 3562 616 3638 sitque
645 3571 744 3619 tuo
767 3571 990 3619 natura
1016 3581 1235 3620 sereno.
1327 3561 1414 3618 sio
1439 3559 1696 3637 ipsemet
1718 3555 1759 3620 4
1790 3560 1872 3621 96
1901 3559 2226 3637 Corippus.
2283 3560 2462 3618 uehar
2486 3581 2598 3620 axe

413 3664 624 3703 serem
650 3648 910 3717 emicuit,
951 3649 1218 3725 votasque
1244 3646 1348 3724 pie
1385 3665 1507 3702 sese
1546 3642 1763 3701 obmtit
1789 3640 1947 3713 orbi,
1988 3642 2326 3718 laetificans
2355 3657 2601 3705 cunctas

405 3729 595 3809 selice
618 3729 847 3789 lumme
873 3742 1077 3790 terme.
1169 3732 1339 3790 clara
1366 3740 1771 3789 coruscantem
1806 3727 1913 3786 lux
1947 3739 2202 3786 auxerat
2240 3731 2348 3802 (ita
2389 3732 2603 3811 legen-

423 3813 597 3895 dum)
624 3816 819 3875 altera
845 3816 1041 3875 lucem
1067 3838 1206 3875 cum
1228 3817 1397 3873 terri-9
1412 3815 1716 3896 gaudente
1734 3813 1899 3892 polo.
1991 3831 2109 3894 quo
2140 3826 2433 3894 postrema
2472 3820 2605 3897 ipsa

425 3919 533 3957 sua
556 3898 704 3961 haec
732 3903 916 3961 verba
948 3904 1243 3982 expressit
1275 3910 1479 3961 auctor
1506 3920 1631 3960 non
1674 3900 1908 3959 obscuri
1942 3899 2007 3957 in
2046 3909 2212 3957 tanta
2241 3912 2417 3960 nocte
2447 3912 2606 3960 tem-

426 4003 640 4062 porum
665 3989 910 4065 ingenii.
958 3986 1121 4069 quod
1145 3985 1390 4067 quidem
1414 3984 1490 4044 de
1520 3988 1754 4065 poetica
1780 3995 1954 4044 nocte
1993 3982 2220 4043 dictum
2246 3988 2420 4045 volo:
2462 4006 2607 4044 nam

417 4069 697 4148 alioquin
728 4081 787 4128 et
811 4092 880 4131 eo
912 4093 1078 4148 aevo,
1124 4082 1184 4131 et
1206 4082 1412 4152 postea
1439 4070 1758 4130 Christiani
1782 4069 2047 4129 doctores
2076 4080 2240 4129 tanta
2267 4072 2610 4152 eloquentia

430 4160 715 4233 tantoque
753 4157 1030 4234 ingenio,
1086 4160 1228 4218 licet
1265 4158 1477 4236 pauci,
1529 4157 1772 4214 fuerunt
1793 4166 2031 4230 tamen,
2088 4168 2154 4214 ut
2182 4176 2329 4215 cum·
2344 4159 2609 4235 priorum

431 4254 555 4294 ιιοιι
589 4241 796 4315 paucis
830 4242 1185 4302 contendere
1221 4241 1403 4301 dubia
1440 4242 1686 4302 victoria
1721 4242 1997 4320 possint.
2057 4239 2212 4300 dixit
2235 4252 2437 4302 autem
2464 4260 2609 4297 con-

425 4321 694 4401 gaudere
726 4325 912 4395 diem,
964 4337 1029 4385 ut
1069 4330 1173 4388 alii
1226 4325 1484 4407 gaudere
1535 4325 1843 4404 gaudium.
1927 4329 2220 4387 Iuvencus
2254 4330 2321 4390 1·
2372 4324 2609 4405 gaudia

430 4427 660 4488 magna
685 4429 854 4491 magt
843 4411 1145 4490 gaudent
1170 4414 1452 4493 siquue
1478 4411 1769 4473 salutant.
1859 4404 2108 4480 Bia-ru.
