3210 5200
642 350 790 423 168
1244 352 1580 420 CORIPPI
1630 352 1746 419 DE
1797 353 2209 421 LAUDIBUS

678 520 765 580 60
808 517 1080 598 quisquis
1108 517 1221 574 erit
1247 527 1480 576 vestrae
1498 562 1517 593 ,
1559 539 1671 599 per
1690 539 1758 578 se
1785 517 1990 593 cadet,
2033 517 2276 579 invidus
2303 522 2496 596 aulae,

806 621 1144 698 afficietque
1170 622 1330 678 viros
1360 622 1567 698 legum
1591 625 1727 700 pius
1755 624 1915 680 ensis
1943 621 2205 700 iniquos.

804 720 1052 801 barbara
1082 724 1380 781 Romanos
1408 724 1713 799 augebunt
1743 724 1902 780 bella
1931 718 2286 799 trimnphos,

803 840 1108 901 regnaque
1139 823 1248 881 sub
1282 826 1495 882 vestris
1517 827 1761 882 venient
1789 824 2111 884 fortissima
2139 824 2387 901 plantis.

806 942 944 979 ecce
971 932 1109 979 tuae
1134 945 1408 1003 proceres
1433 926 1740 1005 pulsantes
1763 927 1975 983 limina
2003 934 2210 1001 portae

675 1021 761 1087 65
801 1025 1098 1082 Iustinum
1127 1024 1538 1106 Sophiamque
1565 1038 1775 1106 rogant
1803 1025 2121 1086 succedere
2148 1021 2375 1105 patri.’'

862 1126 1133 1184 ‚Dixerat
1159 1125 1308 1186 baec
1337 1131 1537 1206 virgo,
1580 1127 1852 1208 placidus
1879 1149 2016 1186 cum
2043 1130 2273 1188 lumina
2301 1148 2548 1190 somnus

804 1223 1099 1304 deseruit,
1143 1235 1427 1310 purisque
1460 1233 1670 1290 volans
1704 1252 1771 1289 se
1798 1233 2036 1289 miscuit
2062 1234 2245 1291 aum

806 1339 867 1386 et
895 1331 1018 1387 iam
1046 1332 1248 1390 crebra
1275 1352 1492 1391 manus
1522 1333 1719 1391 veloci
1749 1335 1977 1391 concita
2002 1334 2184 1412 pulsu

804 1431 1017 1490 limina
1042 1435 1365 1513 quassabat
1394 1433 1588 1494 ductis
1611 1437 1845 1493 munita
1877 1436 2124 1492 catenis.

677 1536 764 1595 70
805 1531 883 1590 ad
913 1538 1229 1614 strepitum
1261 1548 1486 1610 custos,
1528 1554 1670 1593 cura
1697 1547 1788 1593 est
1820 1536 1917 1592 cui
1953 1536 2209 1594 claustra
2238 1536 2414 1611 tueri,

806 1636 893 1692 sic
926 1638 1008 1693 ait
1037 1635 1383 1715 iudIguans.
1457 1629 1781 1717 “quisnam
1808 1639 2159 1695 temerarius
2185 1635 2287 1695 hic
2309 1648 2402 1696 est

810 1739 917 1816 qui
946 1735 1214 1815 placidos
1244 1736 1426 1796 audet
1455 1737 1837 1796 dominorum
1860 1758 2136 1817 rumpere
2163 1759 2429 1815 somnos,

806 1848 1074 1917 tempore
1107 1858 1226 1919 quo
1254 1837 1495 1898 dulcem
1520 1859 1650 1898 nox
1685 1842 2040 1919 intempesta
2067 1842 2333 1920 quietem
2442 1839 2460 1874 ⁴

806 1941 1026 2019 ingerit
1057 1952 1116 2000 et
1144 1943 1417 2001 membro
1453 1962 1634 2021 sopor
1665 1952 1755 1999 est
1781 1945 2153 2020 gratissimus
2181 1935 2440 2001 omni⁴l”

677 2042 760 2105 75
796 2034 972 2115 “site
998 2042 1118 2101 fida
1143 2054 1349 2103 manet
1376 2043 1755 2102 dominorum
1781 2064 1918 2103 cura
1946 2055 2204 2119 tuorum,

803 2163 981 2223 surge
1013 2143 1316 2225 [agedum]
1337 2139 1397 2219 ,''
1437 2146 1735 2204 calinicus
1761 2148 1867 2205 ait.
1948 2165 2099 2204 mox
2129 2147 2331 2225 agnita
2358 2165 2481 2206 vox
2506 2157 2630 2206 est:

805 2256 945 2304 ante
968 2248 1127 2307 fores
1156 2244 1416 2306 dominis
1444 2249 1782 2306 Calhiicum
1807 2251 2045 2306 nuntiat
2071 2268 2225 2308 esse.

803 2352 1140 2428 auspicium
1164 2350 1321 2407 felix
1345 2350 1455 2407 ino
1485 2347 1560 2407 de
1585 2351 1829 2407 nomine
1855 2352 2033 2429 cepit.

802 2454 1166 2531 prosperitas
1198 2472 1268 2510 ea
1301 2453 1497 2530 prima
1519 2451 1636 2509 fuit
1666 2451 2024 2531 fortunaque
2047 2470 2248 2511 rerum

675 2555 759 2621 80
803 2565 1071 2635 tempora
1102 2553 1341 2615 defesso
1365 2572 1661 2613 renovans
1684 2553 1883 2612 felicia
1908 2553 2158 2631 mundo,

803 2657 966 2739 quod
990 2662 1257 2737 primum
1279 2657 1357 2716 ad
1382 2660 1571 2717 limen
1601 2657 1760 2713 bona
1786 2666 1930 2714 tunc
1953 2660 2199 2716 victoria
2229 2659 2412 2732 venit,

799 2761 961 2821 orbis
993 2763 1058 2817 in
1078 2764 1415 2840 Augustam
1444 2758 1720 2817 dominos
1747 2768 1813 2815 ut
1839 2755 2080 2819 duceret
2107 2762 2329 2819 aulam.

797 2857 916 2918 hoc
944 2880 1168 2919 nomen
1191 2882 1319 2921 sors
1346 2862 1504 2918 laeta
1527 2860 1640 2916 tibi
1658 2902 1674 2932 ,
1719 2859 2013 2935 Calinice,
2057 2860 2280 2920 dicavit

798 2982 907 3039 pro
933 2964 1161 3021 meritis
1177 3007 1195 3038 ‚
1238 2966 1333 3023 vir
1355 2963 1513 3020 clare
1529 3004 1546 3032 ,
1589 2961 1746 3032 tuis3
1803 2962 2116 3042 factusque
2140 2965 2417 3023 minister

675 3061 760 3127 85
803 3067 951 3121 tanti
985 3066 1217 3124 consilii
1234 3108 1252 3138 ‚
1295 3064 1438 3121 licet
1461 3061 1613 3120 haec
1637 3059 1786 3121 deus
1806 3066 2010 3122 omnia
2037 3067 2198 3141 fecit,

800 3176 866 3224 tu
893 3185 1130 3246 quoque
1163 3184 1303 3223 cum
1332 3162 1593 3224 dominis
1612 3208 1629 3240 ,
1675 3168 1964 3245 quoniam
1990 3170 2078 3226 sic
2102 3179 2307 3228 mente
2335 3167 2499 3227 fideli

801 3269 1013 3326 vixisti
1042 3270 1329 3346 vivesque
1347 3305 1365 3342 ,‹
1407 3270 1528 3326 tuis
1556 3266 1830 3326 mercede
1856 3269 2131 3329 laborum
2420 3250 2446 3283 ⁸

801 3382 1110 3430 aeternam
1133 3372 1363 3428 famam
1388 3369 1754 3451 laudemque
1786 3381 1846 3428 et
1872 3391 2094 3431 nomen
2119 3371 2392 3432 habebis.

799 3476 863 3532 fit
892 3475 1069 3533 iussis
1095 3493 1264 3532 mora
1288 3475 1456 3532 nulla
1487 3472 1618 3533 dei:
1663 3494 1810 3532 mox
1839 3475 2094 3532 claustra
2125 3476 2428 3534 resolvens

666 3579 752 3640 90
792 3579 1009 3635 ianitor
1036 3577 1341 3636 excelsam
1366 3575 1643 3635 stridenti
1671 3575 1912 3634 cardine
1940 3586 2176 3655 portam

793 3682 1049 3759 imperio
1078 3682 1363 3740 reseravit
1395 3678 1548 3738 heri.
1635 3681 1764 3738 iam
1791 3682 1943 3737 visio
1971 3689 2200 3736 certmn

793 3785 1017 3840 fecerat
1042 3784 1148 3841 illa
1176 3785 1376 3842 virum
1405 3780 1730 3861 dulcesque
1755 3801 1791 3839 a
1817 3790 2057 3859 pectore
2086 3798 2327 3838 somnos

796 3888 1145 3965 expulerat,
1192 3904 1489 3963 curaeque
1517 3885 1673 3941 altae
1701 3884 1800 3961 pia
1832 3880 2012 3940 corda
2038 3881 2383 3938 movebant.

798 3999 862 4046 ut
893 3989 1048 4046 latae
1081 3998 1328 4066 patuere
1355 3988 1544 4059 fores,
1590 3985 1753 4043 subit
1780 3983 1981 4062 ampla
2013 3990 2256 4041 senatus

672 4089 754 4155 95
799 4090 979 4162 atria,
1025 4099 1085 4146 et
1108 4091 1301 4147 aurati
1332 4088 1536 4147 subter
1567 4087 1809 4164 fastigia
1841 4085 1982 4143 tecti

803 4193 1082 4269 corripuit
1112 4191 1362 4249 festinus
1391 4192 1535 4263 iter,
1577 4199 1945 4247 monstrante
1972 4185 2268 4243 ministro.

860 4275 991 4353 *Est
1020 4290 1232 4352 domus
1262 4293 1506 4351 interior
1532 4301 1824 4351 tectorum
1851 4292 1913 4348 'm
1937 4299 2415 4370 partesupema,
