3210 5200
949 421 1064 486 DE
1113 421 1520 489 LAUDIBUS
1568 422 1901 491 IUSTINI.
2356 420 2502 494 413

349 590 572 648 deliciis
605 586 803 645 osculo
845 606 922 644 ac
959 588 1085 643 risu
1128 588 1468 664 excipimus.
1556 588 1707 646 Stat.
1753 588 1902 646 silv.
1943 586 1983 650 5
2019 587 2172 645 ult.:
2235 609 2354 646 non
2397 610 2504 668 ego

345 684 632 732 mercatus
658 672 893 730 Pharia
921 670 994 727 de
1010 691 1220 748 puppe
1243 672 1516 749 loquaces
1540 671 1809 742 ‹ldie-tae,
1851 672 2157 729 docmmve
2182 676 2280 729 sui
2300 678 2502 732 convi-

346 762 441 816 cia
468 757 611 815 Nica·
630 757 947 834 infantem,
990 755 1316 834 linguaque
1338 756 1523 813 simul
1546 756 1886 834 salibusque
1906 768 2268 833 protervum.
2359 779 2501 815 con-

345 845 503 900 vicia
538 843 720 918 igitur
749 850 889 918 puto
924 858 1052 897 esse
1077 840 1231 897 sales
1260 843 1600 917 compositos
1648 852 1705 898 et
1739 839 1921 898 verba
1952 842 2295 898 meditatam
2321 842 2503 899 lasci-

343 930 509 986 viam
553 927 827 983 sonantia
842 967 868 994 ,
931 943 1083 1003 qnae
1136 928 1418 983 interesse
1476 926 1758 983 conviviis
1803 928 2085 983 Romanis
2144 927 2316 984 solita
2366 930 2524 1006 quis‘

344 1008 578 1069 nescit?
637 1029 716 1066 ex
750 1010 921 1087 Syria
966 1012 1185 1087 quippe
1218 1020 1276 1067 et
1308 1013 1577 1088 Aegypto
1625 1010 1825 1089 pueri,
1896 1031 1929 1066 e
1972 1007 2233 1068 Gadibus
2263 1012 2499 1089 puellae

346 1097 583 1166 accitae,
627 1114 779 1171 quae
808 1092 1099 1151 molliores
1127 1114 1310 1172 supra
1341 1105 1622 1151 naturam
1652 1114 1871 1152 canora
1900 1095 2209 1153 dulcedine
2231 1106 2287 1151 et
2310 1097 2502 1153 salta-

348 1181 523 1237 tionis
551 1177 774 1234 lubrico
805 1177 1087 1256 (Macrob.
1116 1181 1157 1238 2
1186 1177 1257 1255 ,1)
1293 1186 1612 1236 exercerent
1628 1179 2132 1255 philosophantes.
2224 1178 2351 1237 dixi
2391 1182 2498 1237 ab-

346 1263 538 1337 unde,
594 1273 660 1320 ut
697 1282 867 1340 spero
901 1260 977 1319 ad
1006 1260 1314 1324 claudian.
1359 1262 1434 1321 ad
1468 1261 1622 1320 illud
1662 1262 1735 1321 de
1777 1262 1940 1321 laud.
1981 1261 2211 1322 Stilich.
2248 1268 2323 1327 2:
2380 1286 2499 1322 non

334 1351 516 1426 pueri
537 1346 764 1404 lasciva
787 1357 1019 1403 sonant.
1065 1348 1346 1405 Dtursw.
1432 1350 1704 1405 convivia
1739 1347 1933 1427 mille]
1991 1351 2076 1406 ita
2102 1345 2286 1406 edidit
2314 1352 2498 1407 Assa-

342 1435 524 1510 grius.
612 1441 672 1488 at
695 1434 757 1488 in
787 1434 1001 1508 scripto
1034 1429 1234 1489 codice
1262 1432 1377 1488 fuit
1400 1434 1666 1490 convicia
1700 1431 1889 1504 mille;
1934 1431 2095 1512 quod
2117 1434 2498 1512 Dempsterus

340 1519 494 1575 bene
539 1514 824 1573 defendit.
910 1517 1304 1573 conviciorum
1347 1517 1507 1572 enim
1541 1536 1666 1573 vox
1706 1516 1883 1574 latius
1913 1527 2075 1594 patet
2107 1537 2286 1596 quam
2316 1520 2495 1596 vulgo

339 1612 587 1674 norunt,
631 1603 810 1657 etiam
836 1598 913 1656 ad
935 1619 1027 1656 res
1058 1619 1179 1658 non
1205 1601 1575 1658 illaetabiles.
1659 1601 1974 1658 manifeste
1998 1604 2178 1659 etiam
2211 1604 2493 1661 iocularia

344 1695 664 1743 scommata
692 1682 803 1741 hac
825 1689 1136 1743 censentur
1155 1728 1171 1756 ,
1236 1703 1386 1763 quae
1412 1685 1700 1743 libertatis
1732 1683 2039 1742 cuiusdam
2064 1706 2252 1744 novae
2281 1685 2491 1745 hilari-

343 1780 463 1828 tate
491 1771 604 1827 sibi
629 1770 796 1847 plebs
820 1767 1184 1846 indulgebat,
1227 1772 1449 1826 Iustino
1478 1766 1591 1826 hoc
1620 1767 1695 1825 ad
1727 1771 2122 1848 principatum
2151 1781 2372 1830 evecto.
2436 1783 2494 1829 et

342 1856 425 1912 ita
465 1857 770 1932 perspicue
808 1855 1182 1932 proprietatis
1215 1854 1463 1911 Latinae
1500 1856 1750 1930 scriptor
1790 1856 2047 1930 optimus
2087 1856 2373 1934 Apuleius
2418 1856 2490 1917 4:

340 1939 433 2008 Iu‘,
484 1938 668 1996 simili
706 1938 944 1995 lavacro
985 1937 1213 2017 rejecti,
1284 1940 1435 1994 itaer
1467 1939 1646 2016 jot-os
1681 1939 1971 1993 sociorum
2014 1959 2133 1995 sese
2176 1952 2489 2016 reponunt;

339 2045 500 2081 nuno
531 2032 681 2079 sorte
711 2024 877 2080 ducti
904 2024 1288 2079 ministerium
1295 2022 1567 2100 faciunt.
1636 2031 1796 2078 estur
1811 2042 1887 2078 ac
1901 2032 2175 2097 potatur,
2205 2025 2490 2101 pulmen-

339 2110 415 2165 tis
438 2110 786 2177 acervatim,
837 2106 1105 2185 panibus
1147 2109 1508 2184 aggeratim,
1552 2104 1794 2182 poculis
1831 2109 2186 2183 agminatim
2223 2112 2484 2188 ingestu.

338 2191 594 2250 clamore
623 2192 866 2260 ludunt,
891 2193 1139 2266 strepitu
1163 2189 1504 2259 cantillam,
1535 2191 1812 2246 conviciis
1836 2192 2123 2248 iocantur.
2199 2195 2279 2251 ita
2310 2195 2492 2251 hone-

334 2278 658 2334 stissimum
685 2275 1016 2332 convicium
1043 2272 1196 2330 dixit
1225 2274 1426 2331 Cicero
1462 2278 1540 2336 12
1570 2274 2001 2349 Familiarium‚
2045 2286 2111 2333 nt
2133 2288 2298 2335 notat
2322 2282 2490 2338 laco-

335 2361 451 2417 bus
476 2356 814 2418 Raevardus
858 2357 1174 2416 Variorum
1216 2361 1247 2418 1
1297 2361 1355 2420 8.
1443 2354 1657 2414 deinde
1695 2368 1754 2415 et
1787 2354 1853 2421 τὸ
1894 2359 2059 2417 mille
2096 2380 2237 2419 sane
2275 2366 2490 2423 melius

339 2444 620 2502 conviciis
649 2460 829 2521 quam
854 2443 1135 2500 conviviis
1164 2441 1453 2515 convenit,
1498 2460 1636 2498 cum
1659 2443 1859 2520 plures
1890 2463 2075 2501 unum
2105 2445 2326 2505 faciant
2350 2468 2495 2506 con-

339 2530 565 2587 vivium
579 2571 596 2600 ,
639 2546 793 2584 unus
815 2535 1014 2583 autem
1032 2526 1204 2605 plura
1228 2527 1510 2583 convicia.
1553 2523 1799 2585 Bsnrn.
1885 2530 2208 2609 quemlibet
2231 2532 2493 2610 plurium

338 2623 693 2672 concentum
728 2612 1055 2670 convicium
1092 2610 1335 2670 indicat.
1366 2612 1523 2670 conf.
1556 2621 1933 2672 commentat.
1968 2612 2046 2672 ad
2071 2613 2327 2676 Phaedr.
2361 2621 2396 2681 1
2428 2622 2489 2682 6.

336 2699 576 2758 Venox.
2205 2694 2215 2703 ’

501 2782 604 2849 74.
687 2780 1015 2859 discursus]
1058 2782 1223 2859 prius
1251 2780 1574 2851 discussus,
1614 2782 1793 2840 male.

501 2871 605 2931 76.
690 2868 989 2944 ignaviam
1009 2866 1352 2925 ultimorum
1372 2868 1683 2924 Iustiniani
1709 2877 2042 2944 temporum
2070 2867 2308 2945 indicat,
2352 2890 2489 2929 cum

280 2950 285 2955 ’
337 2952 424 3009 ait
449 2951 738 3029 populum
766 2952 1060 3008 censuisse
1084 2969 1214 3008 sese
1240 2961 1373 3029 post
1397 2953 1631 3009 senium
1657 2963 1787 3017 tum
1812 2954 2208 3013 iuvenescere.
2271 2974 2489 3033 magna

215 3030 229 3042 '
336 3036 761 3115 tranquillitate
796 3035 1003 3113 populi
1040 3037 1355 3112 imperium
1390 3039 1710 3114 sumpsisse
1740 3038 2031 3095 Iustinum
2060 3040 2260 3097 scribit
2291 3042 2488 3098 Victor

332 3121 774 3178 Tunnunensis.
857 3121 1103 3177 BAnrn.

497 3210 601 3269 77.
664 3204 928 3283 sor-mae.
1018 3204 1281 3262 imitatur
1317 3201 1624 3261 Claudian.
1673 3205 1737 3260 in
1774 3205 1995 3263 Rnffin.
2032 3210 2107 3269 2:
2163 3227 2372 3264 rursus
2398 3209 2487 3265 ad

336 3286 631 3345 humanae
659 3298 894 3346 revocat
910 3289 1240 3364 primordia
1250 3288 1513 3365 firmae.
1560 3290 1839 3347 Duum.

501 3374 604 3435 79.
685 3373 895 3429 urbem
936 3382 995 3430 et
1034 3374 1239 3430 orbem
1262 3375 1525 3429 Romana
1550 3372 1866 3430 ambitione
1894 3375 2086 3452 iungit
2101 3419 2119 3450 ‚
2176 3375 2341 3433 velut
2365 3373 2480 3434 ho-

339 3473 473 3512 rum
496 3454 685 3514 fatum
711 3457 1099 3534 inseparabile
1134 3467 1192 3515 et
1226 3453 1389 3513 idem
1414 3458 1732 3533 imperium
1757 3456 1927 3514 foret.
2016 3457 2293 3517 Ovidius:
2326 3479 2479 3536 gen-

338 3538 495 3597 tibus
519 3550 605 3596 est
625 3539 765 3597 aliis
788 3540 963 3598 tellus
986 3541 1128 3598 data
1157 3540 1342 3597 limite
1368 3550 1541 3596 certo:
1587 3540 1900 3598 Romanae
1923 3545 2182 3618 spatium
2211 3553 2298 3598 est
2320 3541 2484 3601 urbis

336 3634 394 3680 et
420 3621 578 3681 orbis
601 3625 775 3683 idem.
862 3626 1115 3684 Rutilius
1156 3622 1234 3683 ad
1272 3628 1556 3683 Romam:
1626 3621 1829 3681 urbem
1855 3626 2066 3703 ficisti
2109 3627 2272 3703 quod
2303 3630 2482 3704 prius

333 3707 489 3765 orbi-⁹
519 3720 664 3766 erat.
727 3727 845 3789 quo
873 3707 1027 3767 nihil
1059 3710 1424 3768 ambitiosius
1452 3718 1509 3766 et
1535 3706 1817 3767 eruditius
1846 3713 2066 3788 pariter
2096 3709 2212 3767 dici
2230 3721 2479 3789 poterat.

329 3794 576 3852 Bam-ru.

497 3881 599 3940 80.
679 3899 787 3957 pro
829 3878 1038 3937 addita
1076 3877 1278 3936 addite
1317 3875 1692 3937 scribendum
1735 3897 2060 3936 censemus.
2143 3880 2323 3958 vulgo
2367 3899 2481 3939 neo

333 3962 618 4038 scriptura
656 3982 768 4021 nee
826 3962 1120 4022 distinctio
1165 3981 1305 4021 sana
1349 3972 1466 4020 est:
1542 3972 1854 4042 utramque
1911 3965 2187 4022 vitiosam
2240 3960 2480 4045 reliquit

327 4046 731 4123 Dempsterus.
810 4048 967 4106 illud
987 4049 1160 4107 ἀει-ιω
1189 4047 1415 4117 addite,
1458 4048 1620 4105 velut
1645 4045 1985 4106 difficilioris
2001 4092 2019 4123 ‚
2074 4059 2142 4106 ut
2171 4056 2476 4127 gramma-

329 4131 435 4186 tici
467 4130 813 4209 loquuntur‚
876 4134 1317 4211 constructionis
1333 4175 1351 4207 ,
1404 4133 1686 4211 imposuit
1714 4134 2190 4212 exscriptoribus.
2276 4144 2364 4192 est
2395 4152 2474 4190 ex

326 4213 435 4270 illo
475 4215 704 4290 Virgilii
737 4218 812 4278 8:
883 4217 1046 4277 salve
1056 4261 1082 4290 ,
1143 4238 1283 4277 vera
1328 4218 1485 4275 Iovis
1523 4217 1722 4296 proles
1730 4259 1757 4288 ,
1817 4217 1994 4276 decus
2036 4218 2239 4277 addite
2290 4218 2465 4276 divis.

323 4300 569 4356 EAM-n.

492 4383 594 4444 81.
676 4393 824 4441 retro
855 4387 1157 4464 principes
1186 4397 1323 4447 sunt
1347 4383 1825 4467 praedecessores
1841 4432 1859 4464 ‚
1911 4399 1979 4447 ut
2009 4388 2141 4449 aliis
2168 4394 2468 4446 vocantur.
