3210 5200
927 440 1248 509 IUSTIM
1294 441 1657 510 molus
1706 442 1865 510 ΠΒ.
1910 441 1994 508 Π.

620 606 701 664 Ut
733 604 959 665 clamor
991 625 1247 685 magnus
1273 608 1486 686 populi
1518 610 1917 689 strepitusque
1946 608 2193 690 quievit,

539 704 778 766 divinus
804 710 1080 787 princeps
1104 711 1375 785 Augusta
1401 730 1546 769 voce
1573 730 1858 788 perorans

538 807 692 868 haec
715 811 879 888 plebi
904 809 1189 868 mandata
1215 810 1402 870 dedit.
1482 805 1676 870 “bene
1703 814 1918 885 vivite,
1963 812 2146 869 cives-

540 922 779 990 tempus
806 910 1109 990 gaudendi
1137 923 1257 971 est:
1301 912 1588 991 gaudete,
1633 911 1974 991 hilaresque
2000 922 2261 972 manete.

372 1011 500 1079 385
543 1015 790 1072 contulit
823 1016 936 1073 ista
968 1013 1166 1074 deus:-
1189 1017 1389 1074 nullus
1421 1035 1529 1075 sua
1561 1013 1780 1095 gaudia
1811 1016 2028 1074 turbet.

541 1118 852 1195 priventur
876 1116 1086 1176 caedes
1101 1162 1117 1192 ‚
1161 1116 1494 1177 studiorum
1522 1120 1715 1197 iurgia
1750 1124 2001 1174 cessent.

547 1227 605 1275 et
629 1219 750 1275 iam
778 1228 912 1297 post
937 1217 1114 1277 duros
1129 1263 1146 1293 ,
1192 1208 1419 1278 cunetis
1451 1223 1730 1298 promitto
1748 1262 1766 1293 ‚
1807 1218 2045 1278 labores

545 1322 664 1378 otia
689 1322 807 1378 sint
833 1322 1031 1398 plebi,
1072 1320 1247 1380 nobis
1276 1323 1588 1399 vigilantia
1617 1321 1860 1380 sollers:

543 1422 929 1500 tranquillam
953 1422 1171 1480 faciam
1200 1426 1422 1482 securIs
1446 1423 1678 1482 civibus
1703 1421 1936 1479 urbem.

375 1517 500 1585 340
540 1542 648 1580 nos
674 1542 878 1581 curam
898 1526 1079 1582 vestri
1104 1527 1397 1601 gerimus,
1436 1544 1549 1584 nos
1577 1533 1774 1583 vestra
1801 1532 2060 1580 tuemur.

542 1622 762 1682 credite
780 1668 797 1699 ,
837 1644 965 1683 non
991 1628 1216 1703 patitur
1239 1628 1569 1686 saeclorum
1600 1635 1763 1686 secta
1791 1641 2064 1682 meorum

543 1727 796 1784 iniustos
822 1729 1051 1785 saevire
1078 1725 1203 1786 diu.
1289 1730 1623 1806 oomponite
1655 1746 1875 1800 mores,

544 1846 579 1884 a
603 1828 777 1886 furtis
809 1826 1081 1888 cohibete
1105 1848 1321 1888 manus
1337 1873 1354 1905 ,
1400 1839 1624 1888 cessate
1647 1849 1888 1888 nouere.

544 1927 750 1988 discite
776 1931 1093 2005 iustitiam,
1136 1931 1341 2010 legum
1365 1941 1681 2011 praecepta
1705 1941 1929 1990 tenete.

376 2026 500 2095 345
542 2032 832 2089 iustitiam
867 2035 1204 2112 quicunque
1233 2035 1379 2092 facit
1398 2079 1415 2110 ,
1458 2036 1590 2092 fora
1616 2035 1785 2092 nulla
1810 2032 2080 2092 timebit:

542 2136 735 2191 omnis
771 2136 883 2191 erit
908 2133 1096 2193 iudex
1118 2134 1580 2194 informidabilis
1607 2137 1723 2194 illi.

546 2236 820 2313 corripiet
850 2246 1048 2295 sontes
1076 2239 1225 2296 iuris
1252 2240 1443 2317 vigor.
1529 2248 1654 2296 este
1689 2235 1900 2317 quieti.

548 2338 600 2395 si
630 2339 859 2397 socium
891 2341 1086 2397 socius
1104 2384 1122 2414 ,
1166 2342 1219 2397 si
1257 2342 1450 2398 civem
1480 2341 1627 2397 civis
1658 2337 1904 2411 amabit,

545 2458 667 2496 non
697 2440 892 2498 solum
918 2443 1106 2518 optati
1132 2441 1328 2500 tribuo
1354 2440 1692 2519 spectacula
1721 2440 1881 2511 circi,

380 2539 505 2607 350
543 2543 808 2620 praemia
839 2539 948 2600 sed
976 2543 1214 2622 populis
1246 2553 1305 2602 et
1328 2544 1596 2600 maxima
1626 2539 1781 2600 dona
1807 2536 2055 2618 parabo.

548 2642 747 2702 ditabo
774 2647 981 2724 plebes
1013 2646 1257 2724 opibus,
1298 2663 1639 2725 nomenque
1663 2652 1952 2721 negatum

548 2748 886 2806 consulibus
916 2749 1126 2806 consul
1147 2758 1283 2826 post
1309 2759 1577 2826 tempora
1610 2747 1800 2804 multa
1828 2743 2084 2818 novabo‚

544 2847 800 2926 gaudeat
822 2860 889 2906 ut
915 2838 1077 2908 totus
1109 2853 1322 2909 Iustini
1345 2870 1593 2908 munere
1620 2847 1905 2907 mundus-

547 2950 701 3008 dona
733 2950 1112 3010 calendarum
1136 2965 1457 3033 properant
1478 2954 1677 3012 vicina
1704 2968 1975 3010 mearum
1991 2965 2013 3006 z

379 3049 502 3117 855
542 3072 647 3111 vos
678 3056 887 3112 vestris
923 3053 1149 3114 adstote
1178 3057 1357 3130 locis,
1400 3066 1747 3136 properate,
1792 3064 2019 3132 parate,

546 3158 954 3238 promissaque
980 3156 1077 3217 die
1100 3169 1332 3218 nostras
1353 3169 1583 3238 sperate
1608 3148 1906 3216 curules-‘³'

545 3261 791 3337 expavit
818 3258 1085 3338 gaudens
1114 3263 1367 3341 inopino.
1386 3262 1631 3318 nomine
1661 3260 1879 3337 vulgus

546 3362 806 3420 consulis
835 3359 1074 3420 audito:
1118 3374 1295 3421 natus
1325 3364 1556 3441 fragor,
1600 3364 1764 3441 itque
1794 3362 2086 3421 tumultus

550 3481 657 3539 per
684 3463 872 3521 laetos
899 3465 1113 3543 ingens
1139 3465 1343 3523 fremit
1371 3463 1640 3544 undique
1667 3484 1957 3537 murmur,

380 3565 508 3627 360
548 3566 1036 3646 ingeminantque
1065 3587 1240 3626 cavos
1269 3566 1430 3625 dulci
1450 3564 1859 3625 modulamine
1886 3566 2153 3644 plausus.

631 3670 864 3725 Interea
889 3668 996 3727 lati
1019 3671 1277 3748 spoliant
1307 3670 1589 3729 subsellia
1619 3669 1795 3740 ciroi3

547 3767 814 3849 undique
841 3773 1183 3849 plorantum
1211 3771 1517 3831 descendit
1542 3771 1715 3829 turba
1738 3771 2023 3845 virorum,

550 3880 607 3928 et
632 3874 841 3950 positis
869 3883 1058 3932 totam
1090 3873 1310 3933 chartis
1336 3875 1611 3952 implevit
1639 3892 1882 3931 arenam

550 3983 685 4030 ante
713 3975 907 4054 ipsam
938 3976 1169 4040 domini
1198 3976 1436 4052 sedem,
1478 3977 1781 4056 largisque
1809 3977 2070 4054 rigantes

383 4071 508 4136 365
551 4092 650 4131 ora
679 4076 791 4131 viri
816 4080 1078 4138 lacrimis
1108 4090 1168 4138 et
1196 4092 1386 4138 terrae
1409 4098 1651 4157 corpora
1680 4078 1890 4137 dantes

552 4177 611 4230 in
640 4177 825 4236 facies
857 4179 1120 4239 cecidere
1148 4201 1306 4240 suas.
1385 4174 1707 4240 “miserere
1726 4227 1741 4256 ,
1785 4171 2111 4259 perimus,”

554 4277 812 4339 insonuit
838 4301 962 4339 vox
990 4302 1207 4362 magna
1231 4283 1355 4343 diu.
1435 4276 1609 4362 “lege
1636 4305 1799 4344 sacra
1827 4290 2089 4364 parentis

550 4381 887 4462 syngrapha
903 4430 921 4463 ‚
966 4383 1041 4444 de
1068 4389 1249 4446 tantis
1275 4389 1562 4447 rationem
1585 4389 1800 4470 collige
1827 4389 2067 4452 chartis.

2409 442 2551 515 185
