3210 5200
612 350 768 430 148„
1532 340 1871 424 comm

608 516 735 586 146
776 528 837 578 et
865 517 1090 599 pudeat
1117 521 1378 580 voluisse
1398 522 1598 581 nefas.
1683 510 1778 581 sin
1805 523 1960 581 forte
1989 524 2210 601 paratis

778 641 986 700 aspera
1013 623 1174 681 bella
1208 625 1378 704 sequi
1399 633 1786 705 mentemque
1814 626 2064 703 implere
2091 626 2438 702 malignam,

782 718 983 782 dicite.
1066 746 1420 805 cognoscam
1454 745 1754 808 quaenam
1785 747 2064 806 suprema
2094 728 2370 785 voluntas

779 834 985 883 vestra
1014 838 1237 886 manet.
1322 831 1515 888 socios
1540 830 1802 904 salvem,
1845 828 2172 908 perdamne
2205 818 2544 885 rebelles?

780 942 893 984 nec
923 929 1153 1005 minus,
1198 940 1264 988 ut
1296 931 1514 989 Caesar
1541 929 1743 988 medio
1779 929 2161 1010 impendente
2189 930 2452 988 tumultu

616 1022 739 1089 150
778 1027 1079 1088 Romanos
1103 1032 1299 1109 potuit
1324 1032 1523 1091 verbis
1550 1043 1771 1091 terrere
1797 1032 2089 1112 superbis,

783 1130 1020 1188 erubuit
1046 1134 1376 1211 stupefacta
1402 1131 1704 1214 phalanx,
1745 1133 2112 1213 humilisque
2136 1132 2490 1209 magistrum

779 1232 868 1290 sic
895 1235 997 1311 pia
1024 1253 1170 1293 voce
1197 1247 1385 1314 rogat.
1462 1228 1725 1316 “paucos
1752 1239 1918 1296 furor
1943 1236 2166 1313 impius
2191 1236 2316 1309 egit

782 1328 900 1393 hoc
933 1335 1172 1396 sceleris
1199 1347 1427 1396 tentare
1451 1358 1678 1417 genus3
1721 1359 1870 1421 quos
1894 1341 2049 1397 iusta
2078 1345 2357 1393 nocentes
2400 1340 2402 1343 ’

780 1437 929 1497 ultio
957 1442 1071 1497 rite
1092 1449 1316 1498 manet.
1400 1452 1600 1500 sontes
1629 1460 1737 1499 sua
1760 1460 1951 1521 poena
1981 1449 2298 1520 sequatur:

617 1536 741 1601 155
781 1558 893 1599 nos
919 1538 1181 1601 humiles
1213 1541 1472 1601 ductoris
1500 1541 1633 1601 heri
1657 1554 1971 1623 praecepta
2001 1533 2385 1620 sequemur.”

781 1635 894 1700 has
923 1644 1080 1702 inter
1106 1665 1280 1704 voces
1310 1655 1576 1703 auctores
1610 1645 1875 1700 criminis
1902 1645 2107 1700 insons

782 1742 956 1800 turba
985 1743 1199 1821 trahit,
1248 1748 1597 1824 vinctosque
1628 1743 1766 1801 duci
1787 1762 1896 1821 pro
1932 1745 2182 1801 crimine
2208 1753 2372 1803 tanto

783 1842 1058 1922 tradidit,
1103 1858 1165 1907 et
1186 1849 1425 1926 culpam
1450 1845 1663 1904 devota
1689 1854 1889 1902 mente
1910 1846 2118 1923 piavit.

784 1945 943 2005 facta
972 1951 1143 2029 quies
1168 1950 1439 2030 populis:
1483 1948 1725 2007 sceleris
1749 1944 2011 2004 vindicta
2038 1945 2288 2005 nefandi

615 2047 741 2111 160
782 2053 1115 2129 composuit
1145 2062 1400 2109 mentes.
1483 2046 1746 2107 ductoris
1770 2049 1965 2105 maior
1987 2050 2050 2106 in
2079 2069 2289 2110 omues

781 2149 851 2208 fit
877 2127 1085 2230 gentes
1111 2165 1298 2212 terror
1314 2198 1331 2230 ,
1376 2148 1616 2235 quando
1642 2171 1779 2209 cum
1804 2151 1995 2209 milite
2021 2152 2212 2211 laetus

781 2252 1115 2333 ingreditur
1136 2257 1348 2315 fossas-
1434 2252 1650 2313 devota
1672 2262 1874 2311 mente
1899 2252 2161 2313 fatentur

783 2372 946 2415 nunc
969 2357 1192 2417 hilares
1215 2359 1361 2417 socii
1389 2356 1561 2417 dictis
1588 2376 1798 2436 parere
1829 2355 2111 2414 iubentis.

869 2460 1039 2520 Ilicet
1067 2460 1211 2521 inde
1241 2461 1408 2519 iubet
1433 2480 1608 2519 rauco
1634 2457 1943 2517 stridentia
1969 2468 2147 2515 cantu

622 2554 743 2622 165
785 2577 923 2621 aera
948 2566 1104 2623 ciere
1128 2566 1308 2623 acies.
1395 2564 1709 2622 commotis
1734 2562 1911 2620 litora
1942 2562 2130 2640 signis

787 2657 1038 2741 deserit,
1083 2677 1141 2724 et
1174 2667 1399 2745 campis
1422 2668 1621 2744 posuit
1646 2685 1753 2723 sua
1783 2674 1971 2722 castra
2000 2663 2262 2722 Catonis.

785 2763 1056 2843 Syrticus
1083 2778 1145 2826 at
1168 2779 1369 2847 raptor
1400 2768 1645 2826 munitis
1673 2776 1799 2824 tuta
1823 2766 2066 2823 tenebat

785 2876 975 2925 castra
1005 2871 1177 2928 locis.
1266 2867 1375 2926 sed
1406 2867 1553 2926 dura
1579 2867 1771 2925 fames
1799 2869 1922 2924 iam
1950 2877 2222 2944 coeperat
2254 2887 2432 2926 omne

782 2968 1212 3027 Marmaridum
1244 2971 1480 3027 turbare
1508 2987 1721 3046 genus.
1805 2970 2082 3047 pecuaria
2111 2977 2346 3027 tantum

620 3067 741 3133 170
780 3080 920 3127 sunt
948 3073 1174 3150 epulis:
1220 3089 1365 3127 nam
1390 3071 1556 3128 nulla
1586 3072 1787 3129 Ceres.
1874 3072 2149 3147 cognovit
2179 3081 2244 3130 ut
2270 3073 2482 3152 ingens

783 3171 1040 3229 Romani
1074 3171 1282 3230 ductor
1307 3172 1546 3251 populi,
1590 3171 1942 3231 concludere
1977 3184 2185 3250 gentes

774 3272 1094 3333 obsidione
1126 3290 1342 3354 parans
1361 3315 1378 3348 ‚
1423 3279 1596 3335 certis
1626 3287 1768 3334 tunc
1793 3279 1964 3354 sigua
1997 3274 2208 3335 diebus

784 3377 1070 3455 abstinuit
1105 3378 1391 3458 silvisque
1419 3379 1576 3437 acies
1609 3379 1864 3437 exclusit
1888 3380 2136 3458 iniquis.

703 3513 717 3526 ι
775 3479 1019 3561 iamque
1050 3470 1176 3539 dies
1202 3481 1470 3562 alterque
1506 3480 1637 3540 dies
1662 3480 1880 3540 dilatus
1910 3480 1983 3537 ab
2019 3484 2199 3540 annis

623 3579 742 3644 175
784 3571 909 3640 arte
941 3580 1129 3641 ducis.
1215 3595 1424 3661 gentes
1454 3581 1667 3641 dubias
1692 3603 1756 3641 se
1786 3580 2024 3640 credere
2059 3586 2283 3662 campis

784 3685 967 3742 efficit
992 3686 1120 3764 ipsa
1150 3686 1339 3764 quies.
1427 3696 1656 3744 certum
1679 3695 1849 3764 putat
1874 3705 2004 3743 esse
2027 3705 2309 3763 pavorem
2337 3663 2348 3674 ὀ

782 3785 1001 3843 infelht
1032 3790 1365 3846 Nasamon:
1409 3789 1474 3844 in
1499 3789 1699 3867 planis
1725 3807 1945 3865 ponere
1974 3791 2145 3846 terris

786 3897 977 3947 castra
998 3890 1192 3947 soluta
1218 3888 1407 3946 iubet.
1486 3892 1743 3947 nimium
1770 3891 1893 3946 iam
1922 3901 2114 3947 morte
2140 3890 2471 3970 propinqua

786 3987 1043 4049 audaces
1071 3993 1305 4049 animos
1335 4000 1394 4049 et
1417 4009 1624 4050 saevas
1650 4001 1982 4069 sumpserat
2009 3994 2149 4048 iras.

622 4090 742 4154 180
871 4095 1195 4166 Convocat,
1240 4112 1273 4148 e
1308 4090 1524 4153 mediis
1558 4090 1860 4153 deducens
1891 4094 2130 4171 agmina
2161 4092 2356 4169 fossis,

621 4309 720 4362 161
757 4306 822 4361 he
840 4312 1020 4376 gentes
1040 4313 1210 4360 terror
1231 4307 1322 4361 sed
1344 4323 1474 4360 acon
1497 4307 1660 4366 milito
1682 4312 1731 4366 Τ
1934 4313 2035 4368 164
2066 4309 2318 4364 stridente
2343 4311 2406 4364 Τ.
