3210 5200
686 392 836 529 133
1500 520 1511 527 .
1607 463 1940 532 CORJPPI

674 627 803 691 270
841 624 972 704 ipse
1000 622 1164 684 dedit
1191 626 1355 706 pacis
1385 627 1575 687 socios
1600 648 1957 713 pugnaeque
1983 629 2308 691 ministros.

838 729 959 787 iliis
988 730 1177 788 fretus
1210 739 1337 787 erat
1357 774 1372 804 ,
1416 740 1743 812 gentesque
1769 742 1828 790 et
1854 734 2013 792 bella
2043 733 2346 794 domabat.

923 832 1098 891 Venit
1126 830 1393 890 lfisdaias
1424 843 1664 891 centum
1697 854 1833 892 cum
1861 837 2106 896 milibus
2134 834 2384 913 ardens,

835 935 1053 991 arsuris
1083 944 1142 990 et
1169 934 1322 993 latos
1346 936 1620 1013 implevit
1645 932 1813 995 tama
1840 952 2116 1017 campos:

838 1033 946 1092 sed
967 1054 1247 1093 numerus
1271 1037 1488 1094 virtute
1514 1038 1732 1095 minor.
1818 1047 2018 1115 tamen
2049 1047 2220 1097 ornat
2249 1038 2312 1095 in
2344 1037 2527 1098 armis

670 1133 794 1200 275
836 1134 1083 1197 hostiles
1113 1139 1270 1196 acies
1289 1181 1306 1213 ,
1348 1140 1481 1197 visu
1511 1149 1767 1197 terrente
1785 1184 1802 1214 ‚
1844 1161 1953 1220 per
1976 1137 2199 1213 hostes,

838 1239 1068 1317 proelia
1095 1238 1241 1298 dum
1264 1242 1517 1299 miscent
1542 1240 1742 1300 densis
1762 1242 2088 1322 asperrima
2111 1240 2272 1298 telis.

835 1340 1248 1425 auxiliumque
1281 1341 1447 1401 dedit
1481 1343 1656 1402 rebus
1682 1344 2006 1401 famulatus
2034 1338 2249 1401 laudas
2271 1384 2291 1417 ,

837 1461 977 1500 cum
1002 1455 1143 1503 nato
1176 1447 1422 1505 comites
1450 1444 1703 1504 bissenis
1734 1446 1978 1503 milibus
2009 1463 2270 1503 annuns.

836 1546 1036 1603 omnia
1064 1558 1253 1605 castra
1281 1547 1464 1606 simul
1491 1549 1826 1625 praefectus
1853 1548 2073 1605 Bezina
2106 1543 2270 1603 ducit

668 1643 795 1708 280
835 1649 1212 1723 conveniens,
1255 1666 1547 1727 agrosque
1575 1650 1702 1707 suis
1733 1649 2084 1727 pecuaribus
2117 1648 2352 1726 implet.

917 1748 1142 1806 Ductor
1165 1759 1230 1808 ut
1252 1750 1579 1808 innumeris
1605 1750 1862 1807 firmavit
1890 1749 2098 1807 robora
2123 1752 2366 1824 turmis,

832 1848 1000 1925 signa
1024 1859 1224 1908 movet
1240 1894 1257 1925 ,
1301 1859 1629 1929 gentesque
1664 1851 1822 1908 feras
1849 1849 2130 1908 diffundit
2155 1861 2220 1909 ut
2248 1869 2487 1925 amnes,

827 1951 1053 2028 proelia
1081 1948 1228 2009 dura
1252 1962 1493 2031 petens.
1552 1953 1776 2031 campis
1798 1952 2268 2010 Mammensibus
2296 1954 2519 2011 Austur

828 2053 1043 2110 rustica
1072 2054 1333 2112 funereis
1356 2053 1656 2112 sternebat
1684 2061 1924 2131 corpora
1947 2055 2104 2129 telis,

657 2150 782 2217 285
824 2155 1064 2232 Byzacii
1094 2165 1327 2234 partem
1350 2157 1587 2234 rapiens
1611 2154 2012 2235 praedamque
2037 2152 2384 2213 secundam.

823 2257 1071 2316 Antalas
1100 2276 1301 2315 rursus
1328 2259 1639 2336 proprium
1667 2268 1807 2315 tunc
1832 2259 2109 2315 iunxerat
2132 2276 2349 2335 agmen

821 2359 1090 2438 partibus
1123 2356 1408 2432 adversis,
1452 2378 1704 2440 seseque
1733 2362 1797 2417 in
1819 2359 1980 2416 bella
2009 2359 2259 2417 ferebat.

820 2464 1031 2521 nuntia
1054 2464 1329 2541 pennatis
1350 2470 1559 2519 ventos
1583 2461 2018 2520 transverberat
2047 2462 2178 2535 alis,

822 2564 1055 2645 Syrtica
1081 2575 1271 2624 castra
1293 2573 1536 2643 petens:
1572 2564 1864 2623 venientis
1885 2563 2048 2622 fama
2071 2561 2341 2640 magistri

649 2667 778 2730 290
817 2678 1024 2726 cuncta
1053 2689 1161 2747 per
1187 2685 1289 2725 ora
1317 2668 1499 2725 volat.
1582 2664 1847 2724 tumidos
1876 2662 2057 2725 modo
2090 2667 2318 2723 territat
2347 2660 2581 2738 hostes,

815 2788 1027 2848 aspera
1054 2769 1235 2828 verba
1260 2788 1509 2844 canens,
1553 2773 1867 2848 tantasque
1899 2767 1977 2826 ad
2006 2769 2232 2847 proelia
2268 2775 2478 2846 gentes

814 2869 1112 2946 praesidio
1137 2870 1373 2929 venisse
1402 2869 1570 2928 ducis
1588 2887 1609 2927 z
1650 2868 1830 2929 modo
1863 2871 2116 2926 concitat
2140 2870 2259 2926 iras
2274 2911 2296 2946 ‚

817 2967 964 3027 dum
987 2972 1150 3029 ferus
1180 2971 1454 3028 imbelles
1479 2971 1729 3029 Antalas
1757 2989 1887 3028 esse
1914 2978 2176 3027 catervas

814 3072 1179 3147 Maurorum,
1222 3074 1407 3150 siguis
1434 3072 1537 3151 qui
1562 3090 1627 3129 se
1652 3073 1904 3129 iunxere
1924 3072 2173 3144 Latinis,

648 3171 773 3237 295
817 3183 940 3231 arte
969 3176 1148 3233 refert
1176 3173 1371 3233 solita.
1441 3173 1736 3231 Carcasum
1768 3173 1976 3231 obvius
2003 3172 2090 3229 ire

816 3284 959 3332 tunc
984 3277 1171 3335 voluit
1197 3277 1456 3334 fervens.
1542 3282 1778 3333 revocat
1801 3275 2129 3333 Guenfeius
2155 3271 2345 3333 hostis

814 3379 1077 3439 consiliis
1106 3380 1419 3460 verbisque
1446 3377 1686 3437 docens.
1771 3374 1922 3436 haec
1945 3378 2189 3454 insuper
2219 3373 2410 3433 addit.

806 3471 1088 3540 “vincere
1118 3483 1170 3542 si
1198 3483 1435 3563 quaeris
1461 3483 1779 3554 Romanos,
1821 3480 2087 3536 maxime
2116 3486 2324 3550 rector,

807 3583 1008 3661 accipe
1038 3583 1194 3644 dicta
1218 3586 1411 3644 libens
1429 3629 1447 3659 ,
1492 3602 1643 3663 quae
1664 3583 1781 3639 sint
1810 3577 2149 3659 peragenda
2179 3579 2410 3637 salutis.

637 3685 764 3746 300
803 3702 924 3742 non
953 3705 1102 3765 opus
1129 3697 1219 3746 est
1244 3688 1373 3745 istis
1399 3686 1765 3744 committere
1795 3684 2021 3762 proelia
2047 3682 2240 3739 terris.

805 3786 974 3845 fortis
1006 3787 1202 3847 adhuc
1237 3789 1412 3846 miles
1442 3787 1626 3844 nullis
1659 3805 1976 3843 concussus
2006 3794 2064 3842 et
2095 3802 2267 3862 asper

808 3889 1008 3947 exitiis
1035 3910 1145 3969 per
1165 3870 1329 3948 belia
1359 3891 1522 3947 furit.
1607 3907 1722 3944 nec
1748 3889 1935 3944 Marte
1960 3887 2226 3943 furentes

801 3991 955 4048 ferre
995 3991 1210 4071 quibus
1236 3991 1475 4069 populis
1503 3989 1755 4067 poteris,
1797 4009 1910 4046 nec
1936 3999 2092 4046 stare
2120 3982 2349 4042 Latinis

802 4102 939 4151 ante
967 4094 1148 4151 fame.
1236 4089 1344 4151 sed
1369 4101 1555 4159 casn-a
1576 4110 1785 4167 move,
1828 4101 2103 4170 retroque
2130 4088 2375 4164 fugaces

634 4277 738 4332 273
770 4292 961 4330 cornua
978 4277 1201 4329 manda
1222 4293 1407 4330 manus
1429 4274 1501 4340 Τ,
1546 4272 1745 4326 Aurasii
1777 4277 1832 4325 et
1854 4272 1984 4327 latos
2007 4287 2216 4341 campos
2236 4288 2346 4325 com
2384 4271 2509 4326 leuit
2531 4273 2584 4322 et
2604 4285 2728 4321 arna
2754 4271 2820 4322 M

634 4347 748 4465 i2351⁸
770 4346 957 4469 ὓδωρ,
984 4345 1425 4469 ΤὲοιῖἲὲωὸἒέὟ.
1515 4343 1617 4398 282
1649 4341 1735 4395 ubi
1763 4341 1814 4394 Τ
1962 4342 2067 4397 286
2098 4340 2300 4396 uixerat
2502 4341 2607 4394 300
2638 4337 2719 4390 his
2750 4340 2813 4406 Ἰ,
