3210 5200
620 403 763 481 152
1547 405 1886 477 CORIPPI

780 591 965 653 quem
989 574 1160 629 iuxta
1192 572 1432 650 sapiens
1460 572 1809 630 Recinarius
1837 567 2081 629 horrida
2101 569 2264 629 bella

608 675 737 740 290
777 684 1017 753 pectore
1045 673 1333 752 pensabat
1360 672 1630 752 placido,
1672 692 1973 753 sensuque
2006 675 2205 751 sagaci

780 795 1127 854 percurrens
1153 779 1348 835 varios
1374 777 1679 856 relegebat
1706 780 1769 834 in
1802 773 2013 835 ordine
2048 795 2244 835 casus.

784 878 1028 935 alteruis
1058 882 1289 939 animos
1316 879 1659 937 relevabant
1689 877 1934 936 vocibus
1962 878 2162 953 ambo,

781 990 1109 1059 mutuaque
1142 1001 1223 1039 ex
1257 982 1443 1039 oculis
1478 979 1716 1038 arcebat
1755 979 1959 1037 fabula
1992 1000 2260 1039 somnos.

780 1103 817 1142 ο
849 1084 1123 1162 quotiens
1157 1082 1357 1141 abiere
1386 1101 1560 1161 pares
1575 1124 1594 1155 ,
1637 1078 2066 1161 dominumque
2091 1092 2401 1161 potentem

606 1183 735 1251 295
774 1205 882 1264 pro
917 1205 1145 1261 rerum,
1188 1186 1429 1264 populi,
1470 1184 1698 1263 Libyae
1726 1174 2083 1263 propriaque
2110 1185 2303 1242 salute

776 1305 915 1343 cum
949 1285 1213 1345 lacrimis
1237 1290 1463 1366 petiere
1495 1282 1630 1346 diu!
1674 1306 1788 1343 nec
1814 1283 2013 1343 fundit
2036 1286 2246 1345 inanes

772 1389 960 1448 tristis
992 1399 1246 1470 uterque
1270 1409 1500 1468 preces.
1586 1398 1827 1449 orantes
1855 1386 2007 1446 vidit
2033 1388 2108 1445 ab
2137 1390 2260 1446 alta

771 1490 916 1551 sede
946 1500 1146 1570 pater,
1189 1500 1483 1550 terrarum
1505 1491 1713 1551 orbem
1740 1492 1846 1571 qui
1871 1476 2364 1566 fulmine'terret3

770 1603 829 1651 et
858 1593 1042 1677 fiuem
1066 1595 1351 1671 imposuit
1372 1603 1537 1652 tanto
1565 1603 1701 1672 post
1731 1593 1892 1651 bella
1918 1592 2133 1651 labori·

601 1698 730 1761 800
859 1694 1293 1753 Marmaridum
1322 1697 1548 1753 interea
1578 1698 1884 1754 nocturnis
1922 1693 2124 1753 dedita
2151 1697 2334 1754 sacris

770 1806 962 1856 castra
990 1797 1287 1870 fremunt,
1328 1806 1716 1877 statuumque
1746 1816 1908 1870 aras,
1962 1807 2024 1854 et
2051 1800 2255 1855 inania
2281 1807 2533 1876 poscunt

765 1900 1036 1957 numina.
1122 1896 1456 1977 producunt
1482 1896 1744 1977 pecudes
1771 1898 1981 1959 altaria
2011 1900 2259 1974 circum,

767 2012 829 2060 et
859 1999 1120 2059 fundunt
1151 2003 1441 2058 miserum
1476 2003 1618 2059 rivis
1650 2021 1760 2079 per
1791 2009 1961 2079 prata
1992 2020 2284 2059 cruorem.

772 2102 840 2161 hi
876 2113 1138 2162 mactant
1173 2104 1413 2178 Gurzil,
1457 2103 1549 2162 illi
1572 2104 1720 2177 tibi,
1765 2103 2038 2179 corniger
2059 2103 2355 2177 Ammon3

602 2204 728 2271 305
770 2206 1132 2287 igniferique
1160 2206 1363 2264 coluut
1391 2225 1545 2286 quae
1570 2207 1788 2264 Mazax
1815 2205 2295 2277 numiuaMartis

771 2311 1016 2388 accipit,
1058 2319 1238 2389 atque
1272 2306 1457 2366 deum
1479 2309 1624 2367 belli
1654 2318 1824 2387 putat
1845 2327 1977 2366 esse
2006 2315 2347 2385 potentem3

765 2414 1087 2470 Mastimau
1112 2411 1217 2471 alii
1232 2429 1251 2468 ε
1296 2412 1644 2471 Maurorum
1672 2408 1791 2470 hoc
1817 2411 2062 2470 nomine
2085 2418 2296 2486 gentes

767 2514 1138 2572 Taenarium
1167 2511 1377 2571 dixere
1404 2516 1641 2588 Iovem,
1690 2515 1786 2570 cui
1815 2531 2106 2591 sanguiue
2135 2512 2330 2570 multo

764 2613 1020 2675 humani
1053 2619 1291 2695 generis
1319 2615 1622 2675 mactatur
1639 2617 1881 2673 victima
1910 2616 2086 2695 pesti.

589 2722 718 2786 310
758 2739 868 2798 pro
899 2720 1095 2779 scelus
1131 2716 1495 2778 iufaustum!
1544 2720 1805 2796 gemitus
1833 2717 2228 2789 miserabilis,
2273 2735 2448 2776 auras

758 2821 1027 2903 undique
1057 2825 1435 2896 concutiens,
1480 2820 1841 2878 clamoribus
1870 2817 2113 2877 aethera
2140 2819 2361 2897 pulsat.

757 2926 1049 3004 imprimit
1074 2922 1175 2983 hic
1206 2925 1433 2982 ferrum
1459 2922 1686 2998 iugulis
1702 2963 1720 2994 ,
1765 2931 1826 2978 et
1851 2921 2097 2982 vocibus
2124 2922 2326 2998 ipsum

758 3047 987 3085 numen
1024 3028 1148 3104 agit
1165 3069 1181 3100 ,
1227 3023 1560 3102 dubiasque
1587 3040 1808 3080 vocans
1834 3025 2001 3080 exire
2025 3043 2135 3101 per
2159 3023 2402 3081 umbras

758 3132 901 3190 solis
924 3132 1039 3188 iter
1063 3137 1297 3186 tentare
1322 3126 1511 3183 iubet.
1596 3133 1740 3182 tunc
1769 3143 1935 3183 more
1956 3125 2207 3203 profano

588 3235 714 3299 315
758 3232 1045 3311 diripiunt
1071 3227 1373 3310 pecudum
1396 3229 1576 3288 libras
1611 3237 1673 3284 et
1705 3227 1831 3285 fata
1857 3231 2190 3308 requirunt.

756 3344 1051 3415 presserat
1075 3335 1190 3392 ista
1225 3330 1372 3390 deus
1390 3375 1407 3407 ,
1451 3328 1822 3409 surdumque
1851 3327 1929 3387 ad
1959 3332 2225 3387 carmina
2248 3349 2472 3388 numen

757 3456 936 3497 omne
965 3436 1115 3493 fuit:
1159 3435 1314 3493 nulli
1343 3435 1545 3491 retulit
1571 3452 1853 3511 responsa
1880 3431 2179 3492 sacerdos.

839 3537 1153 3614 Phoebus,
1198 3538 1272 3595 ab
1302 3537 1521 3595 interni
1550 3532 1939 3612 resplendens
1966 3537 2238 3612 margine
2266 3535 2436 3608 caeli,

759 3644 981 3702 Oceani
1018 3641 1332 3720 rumpebat
1365 3657 1590 3718 aquas,
1632 3636 1967 3715 meliorque
1995 3655 2312 3714 resurgens

584 3751 712 3812 320
753 3747 981 3803 lumine
1013 3745 1314 3822 fulgentes
1345 3739 1544 3800 radios
1571 3736 1856 3796 tendebat
1881 3741 1943 3796 in
1974 3739 2203 3815 orbem,

754 3850 922 3906 felici
952 3857 1231 3906 nascente
1259 3844 1390 3916 diet,
1434 3846 1678 3920 iamque
1706 3839 1913 3898 ordine
1947 3852 2107 3899 certo

752 3950 1142 4010 Christicolae
1168 3948 1414 4005 veniunt
1439 3944 1648 4023 populi
1666 3986 1685 4017 ‚
1728 3945 1997 4001 Romana
2029 3946 2306 4000 iuventus

751 4053 1242 4131 magnanimique
1267 4047 1481 4121 duces,
1525 4046 1714 4122 signis
1750 4045 2168 4106 comitantibus
2199 4061 2340 4100 uua·

576 4239 677 4291 291
718 4235 887 4288 uarias
913 4236 963 4287 Τ
1138 4233 1242 4288 ³04
1275 4230 1359 4286 hic
1386 4230 1437 4282 T
1601 4228 1731 4280 ibid.
1765 4226 1870 4296 illi]
1906 4224 2013 4279 miti
2038 4226 2148 4277 MT
2312 4223 2415 4280 305
2450 4221 2707 4291 hignifero
2734 4223 2788 4272 Τ

574 4306 685 4426 223
712 4306 897 4428 delum]
934 4300 1124 4358 domiui
1148 4305 1200 4358 Τ
1380 4299 1486 4355 310
1517 4297 1733 4370 geminis
1758 4299 1808 4352 Τ
1974 4296 2080 4351 313
2113 4311 2297 4349 nomen
2323 4295 2374 4346 Τ
2540 4295 2645 4348 316
2678 4306 2782 4360 que
