3210 5200
768 406 914 480 404
1382 411 1668 477 NOTAE
1716 409 1805 476 IN
1856 410 2180 476 LIBRUM
2227 410 2323 476 111

765 596 966 636 nemo·
1005 577 1247 633 Voscx.
1337 575 1746 634 Graecismum
1779 578 2042 648 restitui,
2088 592 2208 655 quo
2244 576 2534 654 corippus
2563 577 2750 634 utitur
2776 578 2954 636 etiam

772 667 800 725 1
850 665 933 725 80
976 670 1035 717 et
1079 659 1223 721 224.
1309 660 1512 739 itaque
1542 662 1709 718 nulla
1741 663 1805 718 in
1836 681 1905 720 eo
1937 660 2274 734 barbaries,
2318 658 2427 718 sed
2462 663 2779 720 manifesta
2813 664 2950 721 imi-

766 748 914 803 tatio
946 745 1176 802 Lucani
1209 745 1290 806 10
1334 745 1435 807 56.
1521 748 1720 804 Foco.

948 831 1045 890 19.
1134 827 1477 908 cernebant]
1529 829 1690 930 apud
1719 831 2053 907 Fogginum
2088 827 2414 887 certabant.
2484 826 2789 908 fulgura]
2838 828 2948 888 de-

771 916 1001 991 signat,
1049 921 1114 970 ut
1156 923 1333 991 put0,
1378 917 1701 972 ceraunion
1744 933 2183 994 gemmamque.
2269 914 2498 991 species
2550 922 2638 970 est
2680 914 2944 993 Iaspidis.

768 1000 928 1056 Plin.
977 1000 1057 1060 37
1102 1000 1175 1058 9·
1219 997 1560 1077 fulgorem,
1601 1002 1830 1080 inquit,
1876 999 2135 1057 siderum
2168 1001 2435 1075 rapiens,
2476 998 2628 1054 bene
2675 997 2752 1056 ad
2793 997 2948 1059 hunc

771 1085 992 1142 locum.
1079 1083 1164 1140 sic
1203 1080 1389 1155 dicta,
1446 1083 1609 1164 quod
1647 1105 1785 1142 cum
1818 1084 2168 1141 fulminibus
2214 1079 2416 1155 cadat,
2469 1092 2536 1138 ut
2577 1091 2636 1139 et
2671 1085 2947 1142 Brontia:

769 1169 976 1244 fulgur
1017 1169 1179 1224 enim
1227 1179 1317 1225 est
1356 1169 1624 1243 fulmen,
1681 1167 1898 1227 Suidas
1937 1172 2000 1227 in
2044 1162 2352 1247 κεραυνός.
2440 1164 2700 1225 Isidorus
2754 1173 2828 1231 16
2872 1172 2946 1233 13

772 1251 890 1310 duo
946 1254 1115 1330 ponit
1174 1256 1585 1311 cerauniorum
1635 1273 1890 1331 genera,
1950 1273 2139 1311 unum
2174 1271 2356 1332 quem
2400 1251 2711 1308 Carmania
2753 1255 2946 1327 mittit,

775 1338 1103 1416 crystallini
1144 1338 1437 1395 similem:
1483 1341 1534 1396 si
1576 1340 1685 1397 sub
1716 1337 1813 1397 dio
1843 1349 2127 1416 ponatur,
2169 1338 2466 1414 fulgorem
2510 1335 2843 1415 (Plinium,
2882 1348 2948 1395 ut

774 1423 955 1495 solet,
998 1420 1377 1500 transcribit)
1424 1425 1576 1502 rapit
1627 1421 1947 1481 sidereum.
2035 1424 2288 1479 alterum
2315 1422 2634 1498 Hispania:
2683 1423 2743 1478 in
2772 1424 2948 1479 Lusi-

771 1507 928 1564 tanis
982 1506 1280 1564 littoribus
1335 1509 1522 1587 gigni.
1610 1506 1751 1566 iude
1805 1509 1918 1566 lux
1973 1505 2300 1564 Claudiano
2346 1503 2419 1562 de
2464 1503 2629 1562 laud.
2679 1506 2945 1579 Serenae,

776 1610 959 1672 quem
1000 1590 1223 1648 librum
1265 1611 1361 1650 ms
1398 1613 1569 1651 meus
1610 1591 1853 1653 Gir-aldo
1892 1590 2129 1650 cuidam
2171 1590 2468 1648 attribuit:
2525 1590 2951 1669 Pyrenaeisque

774 1674 887 1734 sub
921 1679 1112 1733 antris
1143 1678 1324 1755 ignea
1334 1676 1658 1755 fulmineis
1686 1677 1875 1757 legere
1900 1678 2182 1734 ceraunia
2222 1673 2538 1752 nymphae.
2628 1676 2782 1732 infra
2810 1681 2948 1739 257.

777 1763 1058 1818 Dtnrsr.
1128 1761 1401 1838 Jhlgura
1446 1772 1583 1820 sunt
1632 1765 1783 1820 ictus
1826 1762 1992 1820 velut
2024 1759 2269 1840 quidam
2296 1769 2354 1816 et
2384 1757 2537 1816 radii
2563 1778 2948 1836 gemmarum.

777 1843 1171 1903 Claudianus:
1215 1846 1580 1923 amethystus
1616 1848 1793 1917 inest,
1837 1856 1892 1903 et
1921 1845 2146 1925 fulgor
2179 1843 2387 1903 Iberus
2414 1854 2699 1920 temperat
2720 1847 2952 1901 arcanis

774 1928 1091 2007 hyacinthi
1120 1929 1362 1986 caerula
1374 1933 1677 2007 flammis.
1768 1929 1877 1988 sed
1902 1929 2046 2009 quid
2074 1932 2189 1988 sibi
2222 1930 2350 1986 vult
2378 1927 2531 2012 illud
2556 1927 2905 1986 cernebant
2889 1950 2952 1986 ιιι

776 2011 1096 2090 ΟοιίΡΡοέ
1166 2016 1270 2093 qui
1312 2035 1411 2072 me
1457 2013 1688 2090 audiet,
1734 2014 2040 2072 certabant
2074 2024 2339 2093 reponet.
2427 2016 2508 2069 ita
2541 2033 2680 2070 sane
2708 2014 2954 2091 elegan-

777 2100 1005 2155 tissime
1053 2096 1304 2171 dixerit,
1348 2109 1414 2157 ut
1458 2101 1661 2178 fulgor
1707 2119 2079 2178 gemmarum
2121 2101 2382 2156 invicem
2414 2098 2572 2154 velut
2600 2100 2952 2175 pugnaverit

779 2183 897 2241 alio
940 2184 1129 2240 alium
1167 2187 1545 2262 supervenire
1573 2183 1981 2243 contendente.
2068 2185 2300 2261 poetice
2332 2202 2471 2240 sane
2495 2192 2550 2238 et
2577 2192 2950 2259 pet-venuste.

776 2269 1025 2325 memini
1069 2270 1471 2345 superioribus
1516 2272 1955 2330 commentariis
1995 2266 2071 2326 ad
2107 2270 2481 2346 Propertium
2515 2265 2804 2345 quaedam
2835 2287 2954 2324 no-

780 2362 909 2410 tare
951 2355 1110 2430 paris
1155 2353 1507 2433 elegantiae.
1594 2354 1810 2434 quodsi
1841 2356 2080 2412 omniuo
2109 2350 2264 2409 nihil
2293 2351 2645 2409 mutandum
2671 2352 2955 2425 censebis,

782 2440 872 2494 uti
913 2446 973 2494 et
1008 2457 1072 2494 re
1110 2439 1239 2515 ipsa
1277 2437 1430 2496 nihil
1474 2443 1716 2497 omniuo
1762 2448 1935 2517 put0,
1985 2436 2300 2494 cernebant
2337 2434 2626 2515 frigidum
2659 2439 2801 2509 erit,
2845 2439 2956 2494 uisi

782 2520 995 2580 eadem
1025 2520 1202 2580 huius
1230 2523 1540 2581 certabant
1560 2534 1850 2603 potestate
1876 2521 1941 2580 id
1974 2520 2279 2580 exaudies.
2366 2540 2604 2579 cernere
2636 2524 2793 2578 enim
2820 2541 2960 2579 eru-

785 2607 909 2666 dito
952 2610 1221 2667 Romano
1262 2630 1377 2669 usu
1412 2608 1577 2668 idem
1615 2619 1704 2669 est
1742 2606 1904 2691 quod
1949 2618 2205 2684 certare,
2252 2627 2288 2666 a
2318 2627 2434 2688 quo
2465 2616 2525 2666 et
2553 2604 2669 2666 hoc
2696 2605 2957 2666 ductum.

781 2694 1030 2752 nuum.

950 2783 1053 2843 20.
1143 2777 1218 2838 de
1266 2781 1400 2839 luce
1439 2781 1690 2840 feriente
1730 2782 2034 2862 laquearia
2073 2778 2327 2838 imitatio
2372 2787 2461 2837 est
2501 2779 2783 2837 Maronis.
2866 2775 2959 2835 his

785 2873 988 2921 autem
1026 2865 1297 2924 versibus
1343 2869 1527 2926 inseri
1570 2888 1691 2927 non
1728 2864 2106 2926 incommode
2134 2873 2364 2944 poterat
2395 2865 2498 2943 qui
2528 2883 2707 2941 supra
2733 2882 2769 2919 a
2792 2863 2961 2920 nobis

786 2947 1071 3025 explosus
1105 2959 1228 3021 est,
1283 2953 1375 3010 11.
1464 2953 1690 3010 scribe:
1732 2963 1870 3010 tara
1915 2949 2152 3009 Sabaea
2185 2982 2271 2992 —
2304 2969 2498 3005 succo.
2589 2951 2751 3005 triste
2786 2948 2967 3005 mini-

784 3032 1029 3087 sterium
1061 3030 1282 3087 laetam
1290 3032 1565 3109 feriebat
1594 3038 1657 3090 in
1687 3036 1918 3091 aulam.
2009 3046 2245 3092 centum
2286 3032 2446 3090 aliae
2495 3044 2604 3090 etc.
2693 3034 2874 3089 ferire
2893 3032 2963 3087 in

786 3116 988 3173 aulam
1026 3115 1426 3174 barbarismus
1470 3127 1588 3191 est,
1635 3137 1770 3175 cum
1811 3117 2114 3177 idiotismo
2139 3122 2318 3177 etiam
2346 3119 2697 3176 Germanico
2726 3117 2965 3194 egregie

788 3219 1139 3258 consonans.
1206 3205 1691 3279 transpositiones
1716 3213 1915 3261 autem
1940 3202 2117 3263 huius
2144 3205 2377 3282 generis
2403 3205 2467 3259 in
2497 3206 2824 3281 priscorum
2850 3220 2967 3258 au·-

787 3294 1018 3342 ctorum
1047 3285 1214 3342 libris
1247 3305 1279 3342 a
1309 3286 1482 3345 nobis
1513 3290 1756 3366 reperiri
1793 3290 2108 3347 mirificum
2141 3308 2261 3347 non
2294 3298 2417 3346 est:
2465 3307 2599 3344 cum
2644 3289 2804 3344 enim
2843 3303 2969 3342 non

789 3386 920 3426 raro
954 3367 1237 3427 codices
1219 3373 1334 3450 ipsi
1362 3390 1485 3429 nou
1512 3375 1575 3430 in
1607 3375 1852 3452 longas,
1897 3384 1960 3431 ut
1990 3372 2168 3432 hodie
2199 3373 2416 3452 ubique
2446 3391 2575 3429 mos
2603 3382 2721 3444 est,
2768 3368 2970 3427 sedin

787 3451 1114 3513 admodum
1169 3454 1379 3515 breves
1437 3459 1849 3532 membranas,
1924 3459 2243 3517 latissimas
2284 3477 2456 3530 vero,
2528 3466 2584 3513 et
2625 3474 2803 3566 saepe
2845 3472 2974 3510 non

787 3540 1064 3599 omuibus
1124 3540 1270 3600 locis
1323 3545 1454 3621 pari
1504 3546 1759 3622 puritate
1820 3545 2291 3601 exscriberentur
2333 3542 2622 3614 carmina,
2683 3539 2972 3597 facillime

786 3627 964 3683 unius
1002 3628 1256 3704 paginae
1304 3630 1607 3706 inceptor
1620 3648 1824 3687 versus
1866 3632 2059 3706 potuit
2105 3631 2168 3685 in
2215 3628 2455 3684 alterius
2500 3627 2656 3682 latus
2695 3624 2971 3694 transire,

788 3720 893 3766 aut
918 3712 1125 3768 notula
1156 3711 1418 3790 quadam
1456 3714 1773 3790 insignitus
1805 3714 2005 3771 locum
2034 3731 2208 3770 suum
2239 3710 2642 3770 demonstrare
2671 3727 2785 3765 non
2814 3724 2975 3783 pos-

787 3792 1014 3852 sidere:
1056 3798 1281 3855 notulis
1332 3808 1531 3855 autem
1559 3799 1682 3856 illis
1719 3800 1899 3856 erasis
1934 3809 2034 3855 aut
2065 3797 2243 3875 longo
2280 3806 2545 3873 tempore
2581 3792 2973 3868 consumptis,

787 3880 851 3934 in
883 3879 1146 3937 alienum
1175 3883 1626 3939 contubernium
1654 3883 1830 3940 facile
1864 3902 1981 3939 una
2008 3884 2164 3939 linea
2197 3882 2500 3960 correpsit.
2583 3896 2692 3935 nec
2719 3894 2830 3952 ego
2868 3874 2978 3930 fa-

791 3964 903 4021 cile
947 3967 1127 4021 etiam
1167 3968 1710 4045 castigatissimum
1733 3968 1914 4044 vulgo
1972 3965 2242 4024 habitum
2286 3975 2588 4023 auctorem
2624 3961 2978 4041 quempiam

791 4051 1038 4127 reperiri
1085 4053 1394 4126 existimo,
1463 4052 1569 4130 qui
1613 4070 1852 4130 prorsus
1895 4048 2008 4109 hac
2049 4052 2186 4109 labe
2235 4059 2460 4129 careat:
2536 4050 2598 4104 in
2650 4047 2783 4102 aliis
2828 4062 2980 4099 vero

790 4135 1057 4213 integrae
1108 4135 1341 4216 periodi
1404 4134 1615 4193 eadem
1670 4133 1785 4193 hac
1848 4139 2152 4196 occasione
2211 4143 2514 4214 corruptae
2569 4127 2979 4190 offenduntur.

789 4219 1038 4279 Bau-ru.

958 4310 1061 4368 22.
1148 4314 1287 4360 tta-a
1336 4304 1574 4363 Sabaea
1616 4305 1912 4382 cremant]
1989 4314 2048 4360 et
2086 4322 2234 4360 mox
2275 4323 2336 4360 v.
2375 4266 2494 4365 25.
2551 4317 2792 4356 sacrum
2851 4314 2990 4362 set*-

794 4391 1003 4448 vantia
1047 4408 1279 4466 corpas.
1371 4391 1458 4449 sic
1486 4387 1845 4447 Prudentius
1875 4386 2257 4446 cathemerin.
2289 4389 2370 4453 10
2412 4387 2529 4450 51:
2575 4382 2994 4462 adeposaque
