3210 5200
605 316 744 387 198
1201 316 1536 383 CORIPPI
1584 317 1699 382 DE
1749 318 2164 384 LAUDIBUS

601 485 725 546 390
768 503 841 539 en
867 481 1079 540 Sultan
1106 492 1306 540 nostra
1342 485 1563 541 servire
1584 494 1826 562 paratus
1856 485 1920 541 in
1954 486 2090 543 aula

769 584 998 661 legatos
1015 584 1193 640 -nobis
1222 595 1279 641 et
1299 585 1557 661 plurima
1580 606 1828 644 munera
1855 589 2038 644 mittit
2053 631 2070 661 ‚

772 705 922 764 quos
947 696 1146 741 contra
1171 687 1431 761 ingratos
1464 684 1874 761 defendimuS,
1923 707 2086 745 arma
2111 705 2410 765 paramus.

769 788 1072 845 obstamus
1100 783 1353 843 dominis
1371 832 1387 861 ,
1430 790 1702 866 profugis
1732 787 1941 847 damus
1967 793 2114 848 ostia
2140 788 2370 847 servis?

771 891 1005 968 legibus
1033 886 1149 946 hoo
1176 893 1394 947 nostris
1422 908 1544 949 non
1574 895 1849 949 convenit
1866 910 1885 949 t
1929 909 2112 969 arguo
2139 891 2394 947 sactum:

604 988 726 1053 395
768 989 1068 1068 indigenis
1105 992 1458 1070 praebemus
1489 1013 1686 1072 opem.
1774 993 2137 1072 Chaganque
2162 995 2361 1050 timeri

771 1112 835 1149 se
860 1104 1060 1170 putat,
1107 1103 1165 1151 et
1192 1095 1351 1151 bello
1380 1114 1516 1152 mea
1548 1100 1720 1175 signa
1757 1098 2045 1154 lacessere
2073 1092 2308 1153 tentat?

772 1195 887 1268 ite,
932 1196 1105 1253 licet:
1149 1216 1390 1275 campos
1427 1201 1581 1256 acies
1613 1209 1671 1256 et
1703 1209 1892 1258 castra
1916 1206 2141 1275 parate,

775 1297 1199 1379 signorumque
1229 1298 1408 1357 duoes
1435 1312 1593 1357 oerto
1619 1311 1847 1378 sperate
1871 1290 2209 1359 meorum-'⁹

861 1400 1226 1460 Contremuit
1256 1404 1619 1481 stupefactus
1645 1406 1837 1474 Avar,
1880 1418 2216 1479 magnoque
2247 1400 2460 1458 timore

610 1494 734 1563 400
777 1497 1042 1579 diriguit.
1129 1507 1298 1561 siccis
1324 1524 1445 1561 vox
1470 1501 1718 1561 humida
1744 1504 2013 1561 faucibus
2042 1500 2253 1575 haesit,

776 1605 1162 1683 turbatusque
1189 1606 1363 1662 malis
1386 1607 1654 1684 Augusta
1681 1606 1753 1663 ab
1785 1604 1927 1663 sede
1954 1606 2216 1663 recessit.

863 1707 1073 1765 Cetera
1103 1707 1363 1763 consiliis
1397 1724 1549 1783 quae
1572 1710 1850 1789 princeps
1875 1702 2158 1782 providus
2192 1704 2326 1761 altis

776 1803 1097 1884 disposuit,
1143 1807 1336 1865 verbis
1366 1808 1557 1866 fateor
1591 1804 2093 1886 comprehendere
2120 1807 2332 1863 nullus

777 1909 1027 1984 sufficit,
1074 1921 1132 1967 et
1161 1911 1325 1988 pleni
1352 1920 1523 1967 tenor
1551 1920 1640 1966 est
1662 1912 1724 1966 in
1760 1908 1876 1964 fine
1906 1906 2120 1963 libelli.

610 2006 732 2075 405
773 2006 925 2068 haec
954 2009 1136 2068 dilata
1164 2030 1407 2089 parum,
1449 2030 1571 2067 non
1600 2007 2032 2089 praetereunda
2071 2009 2341 2086 relinquo
2360 2025 2382 2066 ε

780 2132 1053 2192 quaeque
1084 2116 1205 2170 suis
1238 2122 1435 2191 aptata
1463 2113 1610 2169 locis
1629 2157 1644 2185 ‚
1685 2129 2003 2188 rerumque
2031 2111 2318 2183 favorem,

777 2217 841 2273 in
865 2226 1156 2296 quantum
1180 2218 1336 2295 potis
1370 2224 1500 2291 est,
1545 2213 1757 2273 devota
1784 2223 1985 2273 mente
2013 2212 2253 2271 notab0.
2321 2246 2324 2249 v

1034 2714 1499 2802 LIBER
1620 2710 2373 2819 QUARTUS.

783 2898 925 3001 Iam
953 2938 1148 2994 vicina
1183 2933 1311 2993 dies
1339 2933 1647 3014 spectandi
1684 2932 1943 2992 consulis
1977 2953 2186 2993 omnes

782 3040 1032 3116 urgebat
1071 3049 1294 3096 turmas
1323 3055 1491 3092 arcus
1527 3039 1777 3092 statione
1815 3036 2044 3114 replere

786 3152 846 3198 et
869 3143 1000 3200 loca
1028 3161 1181 3221 quae
1209 3139 1445 3219 populis
1471 3139 1806 3216 praefectus
1832 3137 2078 3216 deputat
2105 3141 2286 3215 urbis,

787 3245 1089 3301 consultor
1116 3245 1323 3320 legtun
1352 3242 1759 3320 libertatisque
1796 3240 2054 3298 tuendae

704 3346 744 3409 5
789 3345 1137 3425 dispositor,
1186 3349 1328 3405 iusti
1354 3343 1610 3418 vindex,
1656 3353 1947 3400 corrector
1972 3345 2183 3423 iniqui,

790 3469 1100 3507 censuram
1124 3452 1413 3528 gravitate
1443 3466 1654 3524 regens
1674 3491 1690 3520 ,
1735 3447 2043 3525 multoque
2075 3450 2267 3524 rigore

789 3554 1103 3627 terribilis,
1148 3556 1398 3633 mitique
1426 3552 1622 3627 magis
1654 3552 1874 3628 pietate
1904 3550 2268 3609 tremendus.

787 3665 930 3714 tunc
957 3666 1152 3732 partes
1181 3658 1414 3713 munire
1441 3673 1577 3711 suas
1608 3655 1984 3730 spatiumque
2009 3671 2216 3730 parare

789 3760 1154 3840 acceleraut3
1198 3754 1516 3834 medioque
1548 3755 1696 3827 fori,
1746 3773 1863 3833 qua
1893 3752 2074 3813 divite
2103 3753 2312 3812 dextra

668 3863 747 3923 10
790 3858 1101 3937 egrediens
1126 3861 1399 3936 princeps
1430 3876 1595 3914 saera
1621 3856 1919 3914 trabeatus
1950 3856 2022 3912 ab
2051 3858 2186 3914 aula

796 3961 1062 4037 divitias»,
1107 3962 1324 4039 vulgus
1350 3961 1607 4017 solemni
1629 3978 1876 4016 munere
1906 3955 2154 4033 douauS,

792 4086 959 4123 more
986 4066 1141 4121 nivis
1171 4081 1479 4140 sparsurus
1510 4069 1635 4116 erat
1654 4104 1670 4133 ,
1713 4079 1869 4117 nova
1896 4061 2122 4117 fabrica
2157 4061 2367 4137 surgit.

796 4170 1067 4226 turbatur
1086 4175 1209 4222 tota
1238 4166 1538 4241 lignorum
1570 4162 1844 4219 venditor
1870 4164 2015 4219 urbe

804 4281 1141 4349 emptorum
1171 4283 1455 4342 numer03
1501 4263 1699 4324 studio
1731 4268 1846 4323 ruit
1872 4283 2088 4342 agmen
2119 4260 2378 4321 emendi.
