3210 5200
1010 387 1329 456 IUSTINI
1376 388 1738 456 MINORIS
1784 387 1945 455 LIB.
1971 388 2083 455 111.

627 554 755 612 iure
785 572 925 612 suas
953 551 1254 634 dispensat
1287 574 1464 634 opes,
1522 574 1642 634 quo
1673 556 1934 612 continet
1960 556 2184 613 orbem.

627 664 838 733 sponte
863 652 1073 715 damus
1102 655 1298 735 dignis
1317 700 1333 730 ‚
1375 653 1639 737 indignis
1666 665 1874 732 sponte
1900 674 2211 733 negamus.

628 766 693 826 tu
719 777 1000 818 numeros
1024 761 1291 817 numeris
1324 768 1384 815 et
1413 759 1568 817 vires
1601 757 1827 815 viribus
1860 755 2045 815 audes

460 856 585 924 355
628 879 963 939 exaequare
988 859 1186 921 meis?
1230 861 1445 918 nostris
1474 878 1596 916 non
1624 856 1864 916 fidimus
1896 860 2098 932 armis,

628 981 970 1043 quanquam
995 962 1299 1037 ductores,
1344 962 1579 1018 numeri
1612 959 1915 1039 fortesque
1940 960 2184 1034 tribuni,

632 1065 880 1122 subiecti
905 1084 1074 1143 reges
1104 1075 1165 1123 et
1192 1075 1399 1143 gentes
1425 1062 1697 1122 subditae
1725 1057 2048 1136 abundent,

633 1177 774 1246 quot
799 1167 1029 1223 caelum
1056 1175 1252 1242 guttas
1279 1167 1462 1223 mittit
1479 1208 1495 1238 ‚
1550 1174 1695 1245 quot
1720 1165 1890 1221 littus
1915 1182 2146 1221 arenas.

634 1265 792 1348 quod
817 1288 996 1347 super
1019 1278 1141 1342 est,
1181 1286 1488 1347 unumque
1513 1286 1719 1323 meum
1747 1265 2002 1343 speciale
2030 1266 2325 1335 levamen,

460 1372 587 1434 360
625 1371 861 1449 imperii
891 1369 1038 1428 deus
1070 1380 1159 1428 est
1191 1371 1377 1427 virtus
1409 1380 1467 1427 et
1496 1370 1687 1447 gloria
1711 1368 1917 1440 nostri,

626 1491 665 1529 a
692 1491 809 1552 quo
841 1483 997 1531 certa
1031 1474 1226 1546 salus,
1273 1482 1574 1549 sceptrum
1601 1468 1779 1527 datur
1801 1477 1978 1546 atque
2007 1477 2302 1545 potestas;

628 1576 734 1654 qui
756 1575 1010 1653 populos
1039 1574 1302 1631 clemens
1330 1593 1510 1651 super
1539 1572 1740 1630 omnia
1766 1587 1949 1646 regna
1973 1571 2218 1628 Latinos

628 1678 967 1750 constituit,
1010 1693 1337 1754 pacemque
1361 1694 1532 1733 suam
1560 1670 1938 1732 commendat
1969 1674 2189 1745 amari3

626 1779 796 1837 cuius
823 1799 928 1856 spe
954 1778 1226 1850 fruimur,
1272 1777 1437 1833 cuius
1461 1776 1677 1831 virtute
1703 1772 1987 1851 superbos

456 1881 582 1949 865
627 1878 937 1938 deiicimus
958 1921 975 1953 ‚
1021 1880 1191 1935 cuius
1223 1878 1476 1956 populos
1510 1878 1729 1955 pietate
1759 1885 2033 1949 tuemur-3
2067 1938 2070 1943 Ἴ

625 1984 730 2062 qui
754 1992 984 2039 nostros
1015 1989 1193 2058 auget
1221 1982 1374 2037 mira
1400 1980 1618 2037 virtute
1647 1974 2003 2055 triumphos.

624 2087 811 2163 ipsius
831 2080 1149 2141 laudamus
1177 2101 1357 2159 opus,
1400 2082 1713 2160 solumque
1739 2082 2053 2149 timemus;

621 2184 781 2245 hunc
809 2205 997 2244 unum
1022 2186 1274 2242 colimus
1302 2200 1507 2258 regem
1534 2176 1962 2260 dominumque
1992 2181 2267 2239 fatemur.

625 2300 981 2366 cognoscant
1003 2291 1228 2347 Avares
1254 2285 1535 2364 quoniam
1567 2280 1713 2339 deus
1739 2284 2111 2359 omnipotens
2141 2294 2250 2341 est.

454 2397 582 2459 370
623 2393 811 2451 fastus
837 2411 960 2450 non
988 2393 1283 2470 patimur:
1325 2393 1533 2462 gentes
1560 2384 1780 2439 servire
1810 2383 2076 2440 volentes

625 2496 982 2572 suscipimus
1001 2536 1017 2566 ‚
1063 2489 1351 2568 donisque
1375 2485 1636 2544 humiles
1664 2493 1722 2541 et
1749 2481 1976 2541 honore
1997 2483 2289 2543 levamus.

624 2598 874 2679 quisque
906 2613 1044 2652 suas
1070 2598 1374 2650 mensuret
1400 2608 1543 2668 opes
1570 2589 1848 2665 viresque
1878 2604 2145 2659 suorum,

626 2719 763 2758 cum
786 2698 956 2778 queis
982 2695 1141 2752 bella
1167 2704 1333 2772 gerat
1351 2737 1368 2768 ‚
1413 2693 1523 2750 sub
1556 2709 1673 2770 qua
1702 2708 1808 2766 spe
1841 2692 2159 2766 sumpserit
2187 2706 2383 2762 arma3

626 2800 895 2860 divinum
921 2799 1161 2857 sibimet
1185 2797 1326 2876 plus
1345 2796 1617 2854 consulat
1642 2790 1802 2850 unde
1827 2800 2062 2869 petatur

456 2906 581 2973 375
625 2905 954 2974 auxilium3
997 2910 1276 2979 poterunt
1302 2900 1355 2957 si
1381 2898 1632 2956 numina
1661 2913 1816 2952 vana
1843 2902 2147 2972 potentem

623 3024 966 3086 oppugnare
998 3001 1210 3077 deum3
1254 3002 1307 3059 si
1333 3003 1562 3080 possint
1590 3007 1802 3076 sponte
1830 2996 2035 3053 venire

622 3107 944 3189 persculpti
975 3101 1237 3182 lapides,
1281 3101 1494 3162 surdae
1521 3110 1841 3178 mutaeque
1869 3096 2113 3174 figurae,

625 3219 1038 3286 monstraque,
1083 3225 1235 3286 quae
1263 3208 1440 3263 variis
1471 3212 1711 3261 exstant
1745 3200 1993 3257 conflata
2026 3198 2307 3257 metallis.

627 3316 680 3373 si
709 3312 873 3370 caelo
897 3310 1076 3367 tellus
1098 3291 1329 3366 beilum
1354 3315 1556 3364 movet
1574 3347 1590 3377 ‚
1645 3322 1810 3360 arma
1839 3302 2047 3358 feretis

462 3422 586 3485 380
624 3436 731 3475 vos
755 3415 935 3472 armis
959 3410 1206 3469 adversa
1226 3410 1399 3466 meis.
1485 3407 1572 3479 si,
1607 3405 1886 3480 barbare,
1930 3403 2125 3460 nescis

629 3516 776 3599 quid
797 3519 987 3574 virtus
1015 3518 1278 3573 Romana
1304 3519 1497 3588 potest
1514 3552 1530 3582 ‚
1577 3509 1834 3590 antiqua.
1852 3506 2107 3582 require,

630 3640 782 3702 quae
813 3619 1019 3698 proavi
1046 3626 1244 3695 patres
1270 3624 1328 3671 et
1356 3614 1451 3668 avi
1482 3620 1726 3689 potuere
1760 3608 1983 3664 Latini.

626 3721 774 3804 quid
797 3730 998 3779 noster
1020 3720 1218 3777 senior
1240 3715 1430 3795 potuit
1454 3722 1653 3792 pater,
1696 3712 1879 3768 inscie
1895 3754 1910 3782 ,
1957 3707 2140 3782 disce,

624 3825 733 3884 sub
765 3843 882 3904 quo
911 3819 1222 3882 Vandalici
1257 3814 1595 3876 ceciderunt
1624 3822 1819 3889 strage
1848 3811 2088 3889 tyranni

458 3926 582 3992 385
625 3927 986 4003 edomitique
1015 3923 1220 3993 Getae,
1262 3919 1454 3998 pubes
1469 3917 1890 3988 Alamannam,
1932 3912 2145 3969 Franci

630 4039 830 4107 totque
860 4028 1011 4083 aliae
1038 4033 1281 4102 gente83
1322 4021 1670 4097 famosaque
1702 4036 1882 4094 regna
1917 4035 2025 4093 per
2051 4012 2256 4072 orbem

630 4129 815 4187 ardua
845 4130 953 4186 sub
978 4129 1195 4185 nostris
1226 4124 1515 4182 flectentia
1544 4121 1697 4178 colla
1721 4115 2039 4195 triumphis

635 4250 942 4309 suscepere
969 4232 1209 4308 iugum,
1252 4235 1483 4285 mentes
1509 4223 1856 4302 animosque
1884 4217 2100 4276 dedere

634 4335 870 4396 servitio
886 4377 903 4410 ‚
945 4332 1232 4414 nobisque
1259 4338 1502 4388 manent
1529 4348 1607 4386 ex
1632 4324 1801 4388 hoste
1829 4320 2056 4382 fideles.

2499 390 2641 457 197
