3210 5200
638 351 785 438 100
1276 389 1281 396 ·
1562 363 1904 433 CORIPPI

842 527 1114 613 protinus
1143 530 1438 591 inflexum
1467 542 1675 591 curvat
1699 531 2062 591 fortissimus
2089 549 2312 608 arcum,

843 643 1214 714 excussaque
1244 633 1386 692 serit
1414 634 1633 692 fortem
1660 636 1925 712 Maggite
1957 636 2193 713 sagitto.

677 735 804 804 975
847 737 1106 795 volvitur
1133 736 1235 793 ille
1263 733 1516 794 cadens:
1560 755 1768 794 cursus
1795 739 2055 795 servavit
2089 734 2317 794 arundo

844 839 1021 918 pulsa
1051 857 1222 912 suos,
1264 839 1430 896 saevi
1457 838 1697 916 fugiens
1721 857 1832 916 per
1853 840 2112 917 timpora
2138 839 2399 898 cambri.

845 939 1136 998 Cambrus
1161 950 1226 998 ut
1253 940 1470 998 infelix
1488 982 1506 1014 ,
1550 939 1749 997 alieno
1769 941 2016 998 vulnere
2044 951 2268 1020 raptus,

846 1044 1067 1101 corruit
1088 1043 1152 1099 in
1180 1042 1470 1117 frontem,
1513 1042 1876 1119 annigerum
1902 1044 2192 1121 Borsippa
2216 1042 2428 1122 petivit

847 1152 1147 1225 protectus
1177 1144 1402 1223 clipeo,
1447 1154 1507 1202 et
1529 1144 1747 1201 librato
1776 1147 2038 1205 concitus
2061 1143 2234 1204 hasta

675 1250 803 1313 980
843 1247 1163 1307 subsiliens
1179 1291 1196 1321 ,
1241 1244 1385 1304 dum
1411 1244 1565 1304 ludit
1584 1265 1872 1324 magnum
1897 1248 2156 1306 umbone
2180 1268 2290 1326 per
2314 1244 2568 1317 hostem,
2645 1257 2648 1266 '

845 1341 1228 1430 pinnigerum
1253 1350 1544 1427 Barsippa
1574 1331 1726 1407 lei‘is
1761 1369 1868 1427 per
1900 1353 2124 1408 viscera
2154 1351 2378 1407 ferrum
2643 1329 2648 1335 ’

841 1454 1125 1532 suscipit,
1169 1461 1230 1509 et
1257 1469 1481 1529 magno
1512 1446 1588 1506 ad
1617 1459 1836 1508 terram
1868 1471 2004 1509 cum
2035 1450 2299 1531 pondere
2334 1452 2531 1511 fluxit.

845 1555 1237 1635 praecipitem
1260 1554 1498 1611 Vulmir
1524 1552 1834 1626 zisacum,
1878 1573 1987 1632 per
2014 1553 2175 1612 bella
2206 1564 2497 1630 ruentem,

850 1656 1260 1735 consequitur,
1304 1654 1608 1732 missaque
1634 1653 1833 1711 infixit
1861 1657 2195 1713 comminus
2219 1653 2413 1713 hasta.

675 1756 803 1823 985
843 1755 987 1815 hinc
1007 1758 1248 1834 nigrum
1273 1755 1642 1813 Manenasen
1674 1757 1832 1833 agit,
1883 1758 2208 1835 sternitque
2239 1769 2549 1816 cruentum

846 1879 991 1918 ense
1015 1861 1233 1917 virum.
1320 1866 1489 1935 rapto
1522 1858 1775 1914 moritur
1799 1857 2053 1916 Vescino
2081 1858 2327 1917 lacerto.

843 1960 1134 2019 Bulmizis
1164 1978 1446 2018 mucrone
1474 1958 1650 2016 ferox
1681 1958 1971 2038 fortisque
1999 1958 2272 2016 Tamazu

841 2064 1158 2139 sternitur,
1202 2071 1261 2121 et
1288 2058 1437 2120 duro
1472 2059 1725 2119 confisus
1753 2062 2046 2118 Martzara
2080 2060 2226 2138 pilo.

851 2165 962 2223 Ast
990 2165 1120 2223 Tor
1148 2165 1358 2223 acerba
1384 2164 1589 2221 furens
1607 2207 1623 2237 ,
1667 2182 1987 2241 germanus
2019 2163 2354 2241 comprimit
2387 2161 2603 2240 Amen,

672 2265 803 2331 990
841 2277 903 2325 at
930 2254 1130 2326 Salius
1154 2264 1438 2324 Meniden
1454 2310 1470 2339 ,
1513 2266 1866 2345 Mestonque
1889 2265 1952 2322 in
1980 2283 2128 2343 rupe
2152 2261 2470 2325 Iohannes.

845 2368 1082 2428 Tanain
1111 2379 1333 2428 mactat
1355 2372 1515 2443 Iten,
1551 2368 1767 2426 vitalis
1794 2364 2085 2424 arundine
2110 2366 2324 2443 Tizen‚

846 2470 1201 2554 Fisculaque
1227 2473 1535 2550 ingentem
1562 2469 1777 2528 deiecit
1799 2469 2045 2526 vulnere
2070 2470 2339 2529 Frecten.

928 2576 1061 2633 Iam
1090 2576 1288 2655 gravis
1314 2574 1667 2633 incumbens
1693 2575 1929 2631 Mavors
1957 2572 2261 2653 compulsa
2285 2574 2504 2633 timore

844 2680 1084 2757 agmina
1117 2679 1367 2758 cogebat
1391 2676 1528 2736 fidis
1556 2674 1874 2736 succedere
1903 2677 2144 2749 castrist,

674 2773 804 2841 995
842 2781 1020 2839 miles
1050 2790 1109 2839 et
1137 2782 1201 2838 in
1227 2777 1444 2838 mediis
1467 2781 1709 2838 Mauros
1729 2788 2004 2836 truncare
2028 2775 2273 2834 camelis

841 2891 1141 2960 coeperat,
1187 2882 1573 2960 obsessasque
1600 2881 1798 2958 gravis
1829 2877 2166 2958 dirumpere
2194 2881 2411 2941 fossas.

843 2978 945 3039 hic
975 3002 1115 3040 vero
1145 2984 1375 3059 ingenti
1406 2983 1775 3039 concurritur
1799 2978 2066 3060 undique
2098 2999 2333 3060 pugua3

841 3084 1215 3165 Romanique
1245 3083 1427 3142 simul
1454 3083 1638 3141 fortes
1661 3083 1975 3163 Maurique
2004 3083 2259 3143 rebelles

842 3186 1192 3266 pacificique
1218 3195 1417 3244 ruunt.
1500 3185 1686 3242 frater
1708 3203 1823 3241 nec
1848 3187 2120 3263 cognitus
2145 3187 2259 3245 uni

641 3285 802 3350 1000
840 3288 1088 3366 pulvere
1113 3297 1419 3345 concretus
1437 3331 1454 3361 ,
1498 3304 1703 3345 carum
1730 3306 1843 3345 nec
1875 3298 2052 3347 notus
2079 3291 2339 3347 amicum

842 3405 1082 3448 cernere
1108 3401 1251 3448 tunc
1279 3391 1505 3469 potuit,
1555 3391 1825 3448 civemve
1855 3409 2176 3468 agnoscere
2197 3394 2364 3452 civis.

845 3494 1206 3551 miscuerant
1240 3494 1398 3552 acies
1428 3493 1596 3550 nullo
1633 3489 1974 3551 discrimine
2001 3503 2228 3553 turmas

843 3594 1034 3653 Marte
1060 3595 1258 3674 gravi,
1301 3593 1619 3676 densisque
1645 3596 1951 3652 iucurnmt
1979 3598 2220 3674 agmina
2249 3597 2405 3656 telis.

842 3697 950 3755 vix
983 3698 1127 3755 sinit
1153 3696 1407 3755 obnixas
1440 3697 1686 3756 confuso
1714 3698 1903 3754 Marte
1933 3708 2195 3755 catervas

638 3796 801 3863 1005
841 3799 1015 3858 turba
1040 3819 1280 3858 movere
1308 3817 1557 3858 manus:
1609 3799 1989 3876 confringunt
2020 3809 2255 3877 pectore
2284 3810 2492 3879 pectus

845 3911 908 3959 et
936 3902 1144 3982 clipeis
1171 3904 1426 3981 clipeos,
1470 3911 1530 3960 et
1551 3904 1716 3960 conis
1740 3903 2012 3981 proxima
2041 3912 2324 3981 quassant

808 4028 814 4035 ·
844 4005 1020 4062 fortia
1056 4005 1208 4063 oolla
1236 4006 1454 4063 virum.
1536 4005 1663 4061 iam
1688 4006 1925 4063 nescius
1949 4005 2165 4082 accipit
2188 4001 2378 4064 hostis

844 4126 1022 4166 saeva
1049 4126 1158 4186 per
1180 4106 1441 4164 occultos
1471 4106 1780 4164 confossus
1809 4107 2056 4165 vulnera
2090 4106 2330 4166 cultros.

635 4254 738 4307 977
773 4253 892 4308 felix
933 4257 984 4309 Τ
1179 4256 1283 4309 997
1315 4256 1472 4321 vero]
1519 4270 1620 4307 non
1667 4257 1740 4319 T,
1793 4262 1959 4307 tamen
1998 4254 2060 4307 M
2262 4259 2392 4315 1001
2425 4275 2739 4330 cognoscere
2779 4265 2835 4316 Τ

638 4323 773 4377 1003
804 4324 1002 4393 agmine
1023 4324 1166 4394 apud
1187 4323 1249 4378 M
1452 4326 1586 4380 1008
1619 4327 1865 4380 confoxos
1888 4324 2100 4381 uulnere
2124 4326 2186 4383 Τ.
