3210 5200
608 340 750 412 322
851 385 860 391 -
1246 342 1527 409 NOTAE
1575 341 1667 410 IN
1714 342 2039 410 LIBRUM
2086 343 2121 409 Ι

607 512 831 588 cietque
864 508 999 585 lege
1033 506 1392 587 affligetque.
1484 509 1843 568 lastinianus
1873 513 2149 570 Prooem.
2180 509 2363 571 instit.
2387 511 2576 590 princ.
2596 527 2616 566 τ
2657 512 2771 567 im-

597 595 962 670 peratoriam
1012 593 1376 650 maiestatem
1424 614 1545 651 non
1591 593 1785 651 solum
1835 599 2025 652 armis
2076 596 2414 654 decoratam
2451 596 2559 653 secl
2597 597 2770 652 etiam

603 677 936 737 LEGIBUS
966 687 1188 753 oportet
1208 698 1328 735 esse
1353 682 1775 738 ARMATAM.
1817 699 1962 738 sane
1993 692 2052 738 et
2076 692 2277 739 noster
2302 702 2478 740 versu
2502 682 2769 760 sequenti

604 762 802 821 addit:
864 760 1123 819 barbara
1150 765 1456 821 Romans
1502 763 1813 843 augebunt
1853 764 2014 823 bella
2052 766 2408 844 triumphos,
2474 786 2773 844 regnaque

603 846 712 906 sub
738 848 944 907 vestris
968 848 1549 928 venientjbrtissima
1567 850 1820 926 plantis.
1908 853 2152 911 Vonon-
2214 860 2217 865 “

770 939 873 999 61.
957 935 1114 991 viros
1138 934 1339 1013 legum
1364 937 1616 1013 iniquos]
1664 936 1937 993 similiter
1958 937 2050 992 illi
2079 934 2323 1009 dictum,
2367 935 2517 993 iuris
2533 934 2774 1012 religio-

604 1043 706 1080 sus
728 1019 827 1079 vel
850 1018 1351 1097 religiosissimus,
1409 1038 1559 1099 quae
1590 1029 1680 1077 est
1706 1021 1836 1079 laus
1860 1022 2233 1099 imperatoris
2260 1022 2446 1078 Marci
2470 1019 2629 1098 apud
2654 1023 2774 1076 Pa-

601 1108 910 1183 pinianum
941 1104 1047 1161 lib.
1081 1107 1160 1167 67
1200 1100 1236 1183 §
1264 1105 1374 1162 ult.
1408 1106 1487 1161 D.
1518 1102 1592 1162 de
1622 1105 1804 1182 legat.
1833 1109 1876 1168 2
1914 1117 1973 1163 et
1995 1107 2389 1165 lastinianum
2414 1108 2479 1163 in
2503 1124 2773 1183 prooem.

600 1192 857 1248 Institut.
940 1191 1125 1247 Rrrr.

768 1273 850 1331 ib.
941 1274 1125 1351 ensis]
1168 1273 1361 1351 prisca
1385 1273 1691 1352 republica·
1714 1273 1779 1330 in
1808 1274 2111 1352 suppliciis
2142 1274 2491 1354 capitalibus
2514 1293 2638 1330 non
2662 1294 2776 1330 en-

601 1361 682 1419 sis
722 1357 829 1417 sed
866 1360 1104 1416 securis.
1190 1358 1298 1416 sub
1342 1359 1796 1437 imperatoribus
1838 1348 2070 1435 ‘gladius
2108 1358 2496 1417 introductus.
2584 1359 2775 1415 critici

602 1464 808 1503 omnes
830 1446 1015 1502 nostri
1040 1443 1190 1501 aevi.
1263 1443 1573 1501 claudian.
1607 1441 1680 1501 de
1714 1444 1872 1501 bello
1902 1443 2176 1502 Gildon.:
2223 1448 2394 1501 tertia
2425 1446 2550 1500 iam
2577 1445 2774 1499 cera-ix

601 1530 770 1587 solito
797 1548 1072 1587 mucrone
1097 1538 1334 1587 rotetur.
1426 1539 1485 1586 et
1529 1527 1604 1585 de
1658 1527 1699 1590 4
1726 1531 1949 1587 Honor.
1983 1531 2322 1588 consulatu:
2364 1528 2596 1606 gladiis
2628 1526 2775 1584 sub-

601 1610 842 1671 mittunt
872 1613 1028 1671 colla
1049 1615 1307 1689 paratis.
1397 1624 1457 1670 et
1482 1622 1619 1691 post
1651 1611 1863 1671 eodem
1889 1616 2293 1692 Panegyricos
2356 1634 2477 1670 non
2513 1614 2781 1669 imminet

483 1762 494 1777 ⁸
535 1692 544 1701 ’
601 1700 774 1755 maie.
865 1709 923 1755 et
950 1699 1013 1755 in
1035 1697 1255 1753 Ruffin.
1289 1700 1356 1769 1,
1401 1698 1504 1754 ubi
1542 1698 1733 1754 multa
1769 1697 1922 1756 mihi
1952 1698 2109 1757 dicta
2147 1719 2227 1756 ex
2253 1700 2331 1757 IC
2369 1710 2428 1755 et
2459 1698 2626 1755 aliis:
2665 1716 2780 1773 pro

597 1783 827 1840 saevior
860 1801 989 1837 ense
1016 1780 1313 1857 parcendi
1347 1780 1560 1837 rabies.
1635 1783 1918 1841 θυαε-ι’.
2004 1782 2220 1842 alludit
2274 1804 2344 1842 ea
2394 1802 2547 1863 quae
2599 1783 2781 1838 latius

593 1867 762 1944 leges
801 1863 842 1927 4
879 1863 991 1940 48,
1051 1874 1110 1921 et
1154 1883 1307 1945 quae
1345 1865 1617 1942 pluribus
1661 1887 1960 1945 exponere
2013 1867 2217 1927 studui
2267 1873 2335 1927 iu
2379 1868 2777 1926 Praefatione.

595 1952 793 2009 Fons.

765 2036 868 2099 66.
953 2034 1153 2111 virgo]
1198 2033 1420 2110 pietas:
1462 2052 1608 2092 nam
1648 2033 1815 2115 quod
1838 2039 2091 2096 Mariam
2124 2036 2589 2117 adscripserant,
2649 2055 2768 2095 non

597 2119 805 2197 probo·
890 2118 1077 2175 Rrrr.

766 2205 870 2269 68.
943 2202 1170 2280 pulsu]
1214 2203 1350 2280 lege
1387 2222 1588 2280 passu.
1675 2206 1917 2264 Votum.
2420 2284 2422 2286 v

762 2289 867 2350 69.
913 2307 1049 2345 cum
1076 2285 1155 2344 ad
1177 2287 1357 2344 finem
1382 2286 1561 2346 huius
1593 2309 1801 2348 versus
1836 2292 2183 2369 imperfecte
2213 2313 2319 2351 cae
2344 2303 2579 2351 tantum
2605 2293 2777 2369 lege-

600 2383 759 2431 retur
783 2373 848 2428 in
878 2392 1002 2447 ms,
1059 2391 1169 2430 nos
1218 2374 1443 2430 catenis
1488 2378 1933 2444 ex‚coniectura
1966 2376 2508 2456 superaddidimus.
2590 2379 2777 2436 Rum-

598 2459 808 2515 limina
832 2456 1074 2515 aedium
1099 2459 1502 2536 imfflrialium
1534 2462 1815 2519 cancellis
1847 2460 2306 2539 claudebantur3
2350 2475 2491 2522 nota
2516 2483 2633 2521 res.
2675 2463 2776 2520 Si-

599 2542 740 2602 don.
769 2544 1033 2622 Apollin.
1067 2544 1102 2604 1
1148 2563 1244 2622 ep.
1275 2547 1351 2606 2:
1396 2544 1634 2602 inclusa
1662 2546 1811 2604 velis
1842 2547 2140 2627 (limina),
2199 2549 2440 2608 exclusa
2471 2547 2771 2607 cancellis.

598 2631 890 2707 interpres
918 2627 1323 2687 doctissimus:
1363 2649 1481 2709 quo
1506 2631 1698 2689 refero
1721 2631 1877 2690 illud
1895 2635 2109 2692 Iuliani
2136 2637 2420 2715 principis
2449 2637 2537 2710 εἰς
2567 2631 2782 2717 κάγκε-

598 2718 707 2776 λον
751 2712 979 2787 ululae.-
1034 2708 1117 2792 ἢν
1159 2715 1396 2797 κλείσῃς
1433 2709 1526 2794 μ’,
1572 2709 1842 2798 ἆνέῳγα,
1888 2718 1992 2782 καὶ
2027 2714 2112 2798 ἢν
2149 2721 2346 2806 οἴξῃς,
2388 2722 2639 2794 κλείσεις
2670 2734 2777 2800 με·

597 2804 761 2870 τοῖος
789 2794 907 2860 &aiv
937 2805 1141 2879 τηρεῖν
1167 2795 1277 2862 σὸν
1311 2793 1504 2879 δόμον
1529 2794 1604 2862 οὔ
1635 2798 1920 2882 δύναμαι.
2003 2803 2112 2862 sed
2142 2805 2216 2863 de
2247 2809 2503 2881 catenis,
2564 2807 2780 2886 quibus

598 2883 748 2939 ostia
775 2884 1221 2960 muniebantur,
1279 2904 1401 2942 non
1426 2887 1678 2943 memini
1706 2908 1803 2945 me
1835 2890 2155 2970 quicquam
2184 2892 2434 2971 legisse,
2477 2892 2594 2950 nisi
2626 2893 2778 2949 forte

599 2967 877 3023 ianitores
922 2977 1221 3025 catenatos
1255 2966 1370 3025 hoc
1394 2970 1527 3028 loco
1556 2972 1983 3052 intelligamus.
2068 2976 2312 3035 Sueton.
2343 2976 2417 3035 de
2449 2977 2591 3034 clar.
2624 2975 2779 3035 rhet.

596 3053 671 3112 3:
716 3049 935 3108 dicitur
969 3055 1213 3111 serrz'sse
1257 3064 1439 3133 atque
1482 3058 1760 3115 ostiarius
1802 3061 1984 3117 veteri
2015 3080 2172 3118 more
2200 3064 2266 3118 in
2297 3075 2536 3122 caterva
2550 3062 2771 3141 fiisse.

596 3132 876 3194 Budaeus
901 3136 943 3198 4
969 3141 1005 3199 3
1025 3181 1042 3211 ,
1103 3147 1163 3195 et
1207 3140 1391 3196 critici
1424 3139 1503 3198 ad
1530 3144 1771 3201 Petron.
1798 3143 2110 3203 Claudian.
2139 3150 2178 3209 8
2212 3146 2287 3204 de
2316 3159 2524 3227 raptu:
2572 3147 2780 3204 donnas

601 3218 860 3276 excubiis
905 3222 1263 3280 incustodita
1306 3228 1560 3285 remotis.
1650 3230 1883 3287 Tibull.
1936 3232 1971 3291 1
2016 3235 2089 3306 6,
2162 3231 2335 3290 ovid.
2385 3238 2590 3292 Amor.
2644 3235 2679 3294 1
2718 3237 2780 3307 6,

597 3301 930 3362 Cassiodor.
963 3308 1040 3368 11
1069 3306 1173 3369 40.
1231 3309 1514 3370 Afranius
1544 3312 1704 3392 apud
1728 3316 2020 3373 Nonium:
2067 3318 2332 3375 titinnhv
2360 3319 2779 3398 irnpedimmta

594 3391 863 3448 ianitoris
893 3391 1095 3449 audio.
1184 3395 1462 3458 Drmrs’r.
2814 3412 2824 3420 '

760 3475 842 3532 ib.
936 3474 1010 3534 de
1049 3479 1398 3540 ianitoribus
1439 3485 1723 3543 catenatis
1755 3487 2041 3563 exposui,
2103 3486 2212 3547 sed
2236 3507 2587 3569 perperam:
2635 3509 2780 3548 nam

596 3577 762 3616 serae
803 3563 1180 3642 antiquorum
1219 3569 1479 3644 pensiles
1526 3581 1693 3627 erant
1732 3573 2093 3630 transmissis
2134 3576 2384 3649 catenis,
2444 3594 2595 3655 quas
2621 3576 2773 3654 posti

596 3646 970 3722 inserebant,
1029 3659 1095 3707 ut
1127 3670 1264 3708 cum
1289 3654 1502 3711 ianuae
1529 3665 1727 3713 essent
1753 3655 2140 3734 aperiendae,
2201 3681 2233 3717 e
2268 3662 2518 3734 catenis,
2564 3660 2774 3740 quibus

599 3725 1017 3808 inhaerebant,
1070 3755 1237 3793 serae
1279 3739 1711 3817 eximerentur,
1770 3742 1948 3820 longe
1986 3743 2105 3801 alio
2138 3745 2255 3802 ritu
2285 3764 2467 3826 quam
2488 3748 2606 3802 iam
2630 3743 2773 3800 fiat:

597 3832 741 3870 nam
773 3834 938 3874 serae
968 3821 1296 3897 priscorum
1326 3827 1681 3903 exemptiles
1700 3871 1716 3901 ‚
1758 3838 1996 3886 nostrae
2025 3828 2203 3887 fixae.
2259 3831 2573 3889 Turnebus
2607 3831 2687 3892 19
2710 3834 2777 3893 7·

596 3897 880 3957 Ovidius:
924 3913 1047 3961 tota
1064 3917 1239 3988 patet
1263 3908 1501 3985 dempta
1529 3912 1720 3969 ianua
1745 3924 1948 3970 nostra
1973 3934 2123 3972 sera.
2179 3925 2241 3973 et
2267 3917 2425 3975 Fast-
2456 3919 2527 3978 1:
2572 3926 2630 3972 et
2654 3915 2778 3971 iam

597 3986 968 4063 contigerant
978 4003 1246 4066 portam,
1283 3994 1573 4052 Saturnia
1599 3999 1770 4054 euim
1795 3997 2129 4076 dempserat
2154 4004 2461 4077 appositas
2484 4000 2779 4059 invidiosa

599 4088 782 4127 ceras.
869 4072 1035 4131 idem
1059 4079 1265 4136 Amor.
1306 4081 1338 4140 1
1376 4082 1436 4141 6.
1521 4083 1673 4138 Non.
1718 4085 1782 4140 in
1809 4083 2182 4161 patibulum.
2272 4088 2514 4146 Petron.
2541 4087 2774 4166 Satyra:

599 4154 746 4212 dum
774 4156 1098 4235 loquimar,
1141 4182 1272 4219 sera
1295 4185 1408 4221 sua
1432 4176 1637 4242 sponte
1652 4165 1911 4246 ‘delapsa
1937 4173 2168 4242 cecidit,
2225 4172 2607 4251 reclusaeque
2634 4169 2780 4229 sub-

599 4241 882 4318 itojbres.
975 4254 1034 4300 et
1057 4243 1136 4302 ad
1157 4247 1325 4305 illam
1353 4247 1842 4313 consuetudinem
1865 4255 2086 4331 allusit,
2125 4267 2190 4315 ut
2222 4268 2387 4336 puto,
2431 4260 2703 4336 Propert.
2734 4254 2779 4318 4

606 4326 716 4385 12:
763 4338 823 4383 et
843 4329 1039 4387 iaceat
1069 4333 1252 4390 tacita
1281 4334 1456 4412 lapsa
1484 4348 1696 4398 catena
1724 4353 1872 4398 sera.
1965 4343 2057 4399 In.
