3210 5200
999 382 1527 452 IOHANNIDOS
1576 385 1737 452 LIB.
1786 385 1904 453 lv.

528 551 829 611 immitem
851 558 1113 608 mactare
1138 551 1357 612 virum.
1441 563 1672 611 tentare
1700 552 1941 632 periclis

527 674 651 711 non
678 652 881 710 timuit
909 655 1144 730 genitor
1169 674 1277 733 pro
1306 653 1580 713 libertate
1614 656 1811 714 senili.

361 755 489 821 240
531 751 860 814 Guntarich
889 754 1139 830 infelix,
1185 758 1429 833 cupiens
1463 756 1591 813 fera
1620 775 1801 834 regna
1827 765 2051 832 tenere,

534 859 851 918 Armenios
887 876 1060 915 enses
1086 876 1264 916 saeva
1287 847 1445 915 inter
1472 860 1686 937 pocula
1715 859 1919 931 sensit,

533 970 596 1019 et
624 959 786 1017 male
816 977 1120 1018 consessas
1142 959 1465 1018 maculavit
1493 962 1783 1038 sanguine
1807 977 2071 1018 mensas.

616 1061 818 1120 Africa
834 1104 852 1135 ‚
894 1080 1004 1139 per
1029 1071 1224 1120 tantas
1248 1064 1486 1141 periens
1513 1082 1638 1120 non
1663 1064 1789 1121 ulta
1812 1064 2073 1139 rapinae,

533 1162 620 1222 sio
651 1181 849 1220 mersa
880 1172 991 1221 est.
1074 1172 1135 1220 te
1165 1153 1468 1243 exspectat
1492 1166 1687 1244 inops.
1772 1183 2046 1223 succurre
2077 1169 2374 1242 gementi:

360 1261 488 1331 245
526 1283 791 1344 namque
818 1273 987 1342 potes
1003 1308 1020 1338 ‚
1066 1265 1373 1346 virtusque
1398 1266 1508 1324 tibi
1532 1268 1659 1324 iam
1683 1277 1824 1325 nota
1850 1288 1959 1346 per
1978 1268 2185 1328 orbem
2209 1279 2320 1344 est,

533 1378 593 1427 et
618 1365 874 1443 vigilant
903 1385 1144 1441 sensus,
1196 1375 1257 1424 et
1283 1368 1456 1428 claris
1484 1365 1730 1428 dextera
1756 1361 1988 1426 factis.”

615 1468 797 1526 Talia
829 1486 1300 1528 colmnemorans
1331 1467 1628 1528 refereb‘at
1652 1470 1813 1528 bella
1841 1470 2134 1548 tribunus,

527 1569 760 1629 lumina
789 1570 1146 1628 conturbans
1173 1570 1467 1646 lacrimis3
1509 1572 1887 1650 Libycaeque
1917 1575 2119 1632 ruinas

532 1672 773 1752 fataque
804 1681 1016 1729 cuncta
1045 1668 1265 1730 ducum
1289 1673 1457 1732 luctu
1486 1672 1743 1732 deflebat
1768 1693 1994 1733 amaro.

361 1771 490 1836 250
530 1774 823 1851 ingemuit
849 1770 1057 1829 ductor
1084 1791 1369 1833 concussa
1397 1786 1598 1833 mente
1625 1776 1940 1854 benignus.

533 1895 927 1955 congemuere
953 1873 1166 1933 duces:
1210 1879 1427 1936 animis
1453 1880 1521 1935 in
1542 1878 1768 1957 proelia
1798 1887 2049 1957 surgunt

536 1977 865 2039 indomitis.
950 1975 1119 2036 dolor
1146 1988 1325 2059 atque
1358 1978 1554 2059 pudor
1577 1982 1706 2039 fera
1735 1979 1913 2038 corda
1941 1980 2177 2058 fatigat.

533 2088 674 2136 tunc
701 2079 953 2138 maculis
987 2082 1222 2140 tinxere
1250 2102 1467 2161 genas,
1510 2084 1859 2162 pallentque
1888 2081 2255 2163 rubentque3

530 2200 647 2240 nec
675 2183 822 2240 latet
838 2202 955 2240 ,οπο
982 2182 1169 2256 furor.
1257 2195 1633 2243 cunctantem
1665 2203 1906 2262 surgere
1935 2184 2135 2243 lucem

360 2282 489 2350 255
531 2286 655 2344 iam
688 2286 933 2362 cupiunt
946 2328 962 2358 ,
1005 2284 1363 2368 tardumque
1387 2288 1559 2346 iubar
1584 2297 1943 2366 noctemque
1970 2289 2300 2366 requirunt.

617 2387 867 2446 Caerula
894 2387 1162 2446 sulcabat
1188 2387 1534 2469 dirumpens
1559 2390 1696 2448 luce
1726 2408 1966 2447 corusca

528 2486 809 2552 Phoebus
828 2533 844 2564 ‚
884 2499 949 2554 ‚et
979 2502 1243 2552 errantes
1271 2491 1468 2551 radios
1494 2511 1607 2570 per
1630 2491 1838 2548 nubila
1868 2490 2109 2549 vibrans

528 2591 761 2650 lumina
789 2592 898 2650 sub
925 2595 1195 2653 tremulis
1223 2594 1537 2673 spargebat
1561 2590 1858 2671 lampadis
1883 2589 2100 2666 undis3

532 2694 929 2774 surgebatque
956 2694 1085 2756 dies
1112 2699 1349 2755 miseris
1376 2696 1746 2775 gratissimus
1769 2694 1954 2752 Afris.

356 2799 492 2862 260
530 2796 771 2875 iamque
797 2794 1010 2872 duces,
1053 2801 1232 2857 variis
1258 2799 1563 2857 turbantes
1585 2796 1831 2857 vocibus
1856 2812 2096 2872 agmen,

528 2899 823 2976 urgebant
846 2900 1149 2976 fortesque
1177 2903 1338 2957 viros
1362 2902 1671 2973 claraeque
1698 2898 1987 2953 tribunus·

534 3003 787 3082 quisque
817 3019 957 3061 suos
980 2996 1254 3061 hortatur
1276 3015 1493 3076 agens:
1536 2994 1635 3054 his
1665 3005 1857 3055 castra
1876 3015 2139 3070 movere,

533 3122 697 3161 arma
727 3122 935 3181 parare
957 3101 1201 3177 iubent,
1244 3102 1407 3160 iussa
1439 3109 1707 3178 spectare
1733 3098 2024 3176 magistri.

535 3209 704 3285 signa
729 3206 929 3270 ferunt
954 3214 1283 3285 ornantque
1316 3205 1462 3277 viri,
1508 3200 1888 3279 gaudentque
1918 3209 2151 3258 tuentes

354 3306 494 3376 265
535 3327 812 3386 prospera
844 3305 1133 3366 discussis*
1145 3303 1412 3364 ludentia
1433 3305 1676 3362 flamina
1703 3304 1872 3362 velis.

539 3419 601 3467 at
627 3419 796 3488 pater
823 3428 1151 3487 exsurgens
1182 3418 1534 3487 compuncta
1553 3416 1754 3465 mente
1777 3402 2094 3479 Iohannes,

537 3509 711 3570 corde
735 3514 833 3592 pio
848 3556 870 3587 ‚
914 3512 1167 3591 genibus
1188 3513 1352 3571 nixis
1377 3521 1435 3568 et
1460 3510 1686 3588 poplite
1713 3507 1891 3579 flexu,

539 3617 882 3695 suppliciter
912 3616 1186 3692 geminas
1213 3610 1463 3671 tendens
1492 3631 1630 3670 cum
1654 3609 1880 3666 lumine
1905 3606 2157 3683 pamma,

539 3739 641 3778 ore
670 3737 885 3777 canens
913 3715 1064 3776 haec
1089 3716 1273 3775 verba
1299 3716 1498 3774 refert.
1564 3704 1716 3770 “tibi
1741 3711 1962 3788 gloria,
2008 3705 2260 3785 christe,

348 3826 494 3890 270
537 3842 769 3880 summe
793 3839 1008 3899 parens
1034 3816 1376 3894 hominum,
1418 3817 1642 3894 linguis
1667 3823 1727 3871 et
1751 3821 1985 3891 pectore
2010 3830 2159 3888 puro

538 3928 649 3983 rite
679 3923 879 3998 datur,
921 3920 1252 4002 laudesque
1276 3921 1472 3980 libens
1494 3925 1809 3997 gratesque
1833 3914 2087 3987 resolvo,

536 4045 657 4084 non
691 4026 879 4083 alium
903 4022 1151 4087 laudare
1179 4023 1337 4083 volo.
1422 4032 1520 4097 tu,
1563 4016 1833 4079 conditor
1862 4017 2041 4090 orbis,

2445 391 2545 460 79

346 4210 469 4266 240
504 4208 764 4276 guntarith
792 4208 841 4260 Τ
1025 4208 1131 4263 242
1162 4205 1423 4259 confessas
1450 4204 1499 4255 Τ
1681 4203 1787 4256 246
1820 4220 1892 4254 on
1913 4198 2114 4255 claret?
2308 4195 2412 4250 263
2445 4193 2550 4245 ius-

342 4297 473 4333 sum
498 4280 587 4330 Μ.
623 4279 691 4331 cf.
713 4279 747 4332 5
774 4276 897 4342 582,
928 4279 962 4333 7
985 4277 1055 4333 46
1076 4283 1133 4330 et
1151 4275 1268 4331 605.
1338 4289 1634 4343 quanquam
1658 4271 1923 4329 contraria
1946 4284 2140 4340 quoque
2164 4271 2283 4322 sumt
2304 4265 2554 4331 exempla,

341 4351 383 4404 3
410 4349 491 4402 30
516 4355 571 4398 et
588 4348 623 4401 4
648 4347 731 4403 13.

458 4443 665 4496 Μαι-οὺ.
711 4448 760 4495 et
805 4441 923 4495 Cor.
2063 4429 2144 4488 10
