3210 5200
1010 437 1539 514 mammos
1589 445 1750 516 un.
1797 449 1880 516 11.
2449 457 2562 530 47-

389 604 474 670 85
597 603 858 664 Nuntius
882 614 1182 667 extremas
1208 610 1435 690 Libyae
1456 621 1829 676 transvectus
1855 618 1921 675 in
1949 640 2081 680 oras

515 716 806 766 convocat
834 705 1159 769 indomitas
1192 722 1459 771 extrema
1489 713 1568 772 ad
1592 718 1818 795 proelia
1847 732 2078 798 gentes.

514 810 794 867 convenit
817 811 1149 870 innumeris
1172 831 1485 894 nunquam
1516 830 1827 896 superatus
1854 823 2123 904 llasguas

514 911 789 987 milibus,
839 924 902 971 et
930 924 1125 972 totum
1154 916 1410 976 volitans
1442 924 1784 981 conterritat
1812 926 2041 988 orbem.

514 1013 907 1091 cornipedum
935 1029 1148 1074 saevus
1176 1017 1395 1076 laxatis
1426 1022 1652 1078 Austur
1681 1019 1931 1085 habenis

387 1114 472 1178 90
511 1115 737 1173 viribus
764 1114 925 1175 hunc
951 1121 1216 1198 sequitur
1240 1118 1461 1197 fidens,
1508 1132 1568 1180 et
1592 1124 1764 1182 fortis
1791 1127 1856 1182 iu
1880 1132 2060 1189 armis

516 1226 577 1272 et
604 1236 855 1277 numero
883 1230 1198 1299 superante
1226 1220 1499 1281 modum.
1582 1243 1726 1283 nam
1755 1226 2008 1308 belliger
2039 1236 2279 1316 Auum,

514 1318 802 1380 sollicitus
833 1318 1044 1381 dubias
1075 1326 1300 1401 campis
1331 1327 1698 1384 committere
1726 1348 1981 1408 pugnas,

516 1421 767 1479 collocat
798 1426 1051 1484 astrictis
1075 1445 1280 1483 muros
1310 1426 1620 1506 fossasque
1648 1432 1911 1508 camelis,

514 1532 694 1603 atque
722 1544 904 1604 pecus
930 1529 1166 1586 varium
1189 1525 1374 1586 densa
1402 1529 1665 1588 vallante
1693 1551 1910 1592 corona

386 1621 472 1716 95
510 1627 712 1704 ponit,
759 1641 828 1688 ut
852 1630 1129 1689 obicibus
1144 1623 1481 1709 pugnantes
1511 1632 1779 1710 implicet
1808 1634 2009 1698 hostes

512 1730 942 1813 ambiguosque
968 1743 1221 1811 premat.
1310 1752 1549 1792 currens
1585 1743 1729 1793 tunc
1757 1756 1970 1798 saevus
1994 1742 2263 1822 llasguas

512 1845 736 1892 mactat
761 1837 826 1892 in
850 1838 1119 1914 angustis
1143 1845 1523 1914 prosternens
1544 1838 1786 1913 agmina
1805 1843 2011 1918 muris,

511 1945 572 1993 et
599 1956 838 2015 campos
865 1957 1107 1996 securus
1137 1935 1262 1994 adit
1279 1982 1297 2012 ,
1341 1940 1725 2018 sequiturque
1752 1944 2086 2024 premitque

511 2036 692 2096 caede
714 2059 869 2098 nova
884 2085 900 2115 ,
942 2043 1346 2121 miserumque
1370 2041 1516 2098 furit
1539 2050 1800 2100 vastator
1825 2046 1889 2101 in
1917 2065 2156 2126 agmen.

348 2144 470 2207 100
510 2153 598 2200 est
625 2144 778 2200 aries
805 2144 928 2201 illis
954 2141 1186 2200 infandi
1211 2140 1489 2200 machina
1514 2143 1680 2219 belli,

509 2256 863 2325 comptaque
892 2243 1192 2323 dispositis
1218 2254 1448 2321 ponunt
1472 2246 1728 2302 tentoria
1756 2246 1964 2323 signis,

507 2343 747 2405 horrida
778 2368 927 2427 gens
957 2358 1016 2406 et
1046 2344 1193 2405 dura
1225 2348 1368 2405 viris
1396 2345 1713 2427 audaxque
1739 2349 2058 2429 triumphis

507 2448 870 2525 innumeris,
911 2450 1081 2508 nullo
1111 2449 1286 2506 bellis
1318 2467 1470 2528 quae
1499 2460 1769 2528 tempore
1800 2462 1992 2512 cessat

505 2549 725 2630 impia,
770 2550 1047 2611 crudelis.
1128 2552 1326 2609 nullas
1358 2554 1531 2610 timet
1555 2552 1662 2610 ille
1691 2553 1925 2612 ruinas:

346 2653 468 2719 105
508 2651 614 2713 sed
640 2655 812 2712 licuit
834 2658 1104 2715 timuisse
1129 2665 1334 2712 tamen
1351 2697 1369 2728 ,
1411 2652 1518 2711 sed
1546 2655 1678 2713 iure
1703 2655 1927 2730 licebit,

503 2759 803 2836 paeniteat
826 2760 1085 2817 saevisse
1119 2756 1243 2816 diu.
1327 2775 1473 2815 nam
1497 2757 1669 2815 fortis
1701 2757 1970 2834 Ilasguas

506 2858 811 2940 quondam
837 2879 946 2939 per
966 2861 1120 2918 latos
1146 2867 1473 2938 prostratus
1495 2859 1743 2917 vuhiere
1775 2877 2016 2938 campos

504 2963 703 3021 iuncta
735 2981 910 3021 saeva
940 2960 1133 3035 dedit,
1175 2960 1413 3039 praedis
1441 2962 1735 3041 bellisque
1759 2964 2044 3039 pepercit.

503 3066 677 3122 lerna
702 3065 877 3123 ferox
900 3062 998 3122 his
1027 3062 1235 3122 ductor
1262 3074 1387 3122 erat
1410 3065 1733 3144 Gurzilque
1757 3062 2055 3122 sacerdos.

336 3170 465 3233 110
504 3164 647 3225 huic
674 3167 939 3225 referunt
962 3177 1171 3245 gentes
1197 3176 1366 3245 pater
1389 3176 1479 3224 est
1502 3164 1672 3246 ,quod
1696 3168 1965 3243 corniger
1993 3170 2274 3245 Ammon,

503 3270 720 3327 bucula
747 3254 913 3327 torva
940 3287 1177 3346 parem.
1261 3278 1425 3326 tanta
1452 3278 1541 3326 est
1570 3271 1802 3327 insania
1832 3271 2022 3327 caecis

503 3371 835 3444 mentibus,
878 3367 988 3428 ha!
1034 3372 1283 3428 miseras
1305 3370 1525 3428 fallunt
1550 3371 1637 3427 sic
1658 3371 1908 3428 numina
1930 3368 2174 3449 gentes!

585 3475 782 3533 Ifurac
808 3472 1043 3530 infestis
1069 3475 1234 3530 venit
1259 3471 1560 3530 consultus
1584 3472 1650 3528 in
1678 3473 1880 3532 armis.
1917 3522 1922 3527 .

502 3573 605 3636 hic
631 3573 816 3655 pedes
840 3576 1091 3653 insignis
1118 3576 1318 3653 clipeo
1342 3576 1596 3654 telisque
1625 3575 1891 3649 resultat,

330 3679 461 3746 115
506 3688 566 3736 et
592 3697 874 3761 mucrone
894 3660 1141 3757 ¹potens,
1186 3696 1435 3735 saevum
1464 3674 1611 3734 dum
1637 3674 1829 3733 tendit
1855 3679 1920 3734 in
1949 3672 2208 3736 hostem.

500 3781 880 3840 Macumiana
902 3798 1118 3838 manus
1147 3778 1360 3838 calidis
1387 3776 1695 3837 descendit
1730 3779 1804 3835 ab
1841 3780 1979 3852 oris,

499 3903 652 3967 quae
675 3882 941 3960 Tripolis
966 3879 1200 3940 deserta
1220 3883 1400 3957 ‚colit3
1446 3879 1826 3962 Gadabisque
1852 3881 2120 3958 maligna

498 3987 682 4045 mittit
711 3985 785 4042 ab
813 4003 948 4042 arce
972 3986 1161 4059 viros,
1212 3993 1272 4041 et
1297 3985 1490 4043 saevis
1522 3984 1839 4042 moenibus
1866 3980 2113 4042 horrens

498 4085 762 4166 Digdiga
786 4088 1001 4146 vicinis
1026 4088 1183 4145 acies
1210 4084 1376 4145 dedit
1400 4085 1671 4167 improba
1697 4087 1863 4165 ripis.
1910 4154 1918 4162 ⁵

324 4254 401 4310 89
435 4259 580 4307 astur
608 4254 663 4307 Τ
847 4252 917 4308 96
948 4255 1309 4325 ambiguusque
1332 4253 1383 4306 Τ
1574 4252 1673 4307 105
1705 4255 1902 4305 tantum
1928 4251 1979 4304 Τ
2166 4251 2293 4305 ibid.
2329 4267 2387 4303 se
2407 4250 2522 4301 ΜΤ

326 4325 434 4377 108
456 4323 635 4377 iuncta
662 4322 1040 4391 ninguinam
1175 4323 1435 4378 1091ema
1463 4322 1513 4375 Τ
1648 4324 1744 4376 111
1771 4320 2048 4374 buccula?
2183 4322 2281 4376 113
2300 4319 2461 4371 isarae
2477 4319 2527 4371 Τ

326 4393 435 4446 116
467 4391 781 4446 mucamiana
805 4395 856 4445 Τ
1027 4396 1126 4449 117
1160 4392 1331 4463 quas?
1502 4390 1635 4445 ibid.
1669 4390 1881 4461 trepulis
1910 4391 1959 4442 Τ
2115 4392 2218 4445 119
2248 4386 2430 4457 dicliga
2456 4387 2521 4439 Τ.

427 4488 629 4544 Men-ob.
671 4495 725 4544 et
768 4488 889 4542 Cor.
2067 4478 2109 4537 8
