3210 5200
592 398 734 471 188
844 501 862 515 .
1197 398 1531 467 comPPI
1578 400 1694 467 DE
1742 402 2155 471 L‘AUDIBUS

628 570 709 632 10
750 586 904 649 quae
933 564 1406 646 superimpositis
1430 567 1762 646 implebant
1793 569 1939 627 atria
1973 572 2143 646 ceris,

752 667 962 726 ordine
995 680 1205 726 cuncta
1235 689 1342 727 suo
1360 714 1378 746 ,
1422 681 1662 748 patrum
1693 673 1780 728 sic
1805 690 1972 728 more
1999 683 2226 750 parata.

747 774 915 830 triste
946 773 1345 830 ministerium
1373 773 1494 830 lata
1523 773 1792 830 fervebat
1817 770 2071 831 in‘aula.

748 873 867 930 alta
900 874 1286 952 superpositis
1318 872 1630 932 radiabant
1659 877 1944 932 stramina
1974 876 2250 954 gemmis,

748 985 1014 1053 tempore
1039 994 1186 1054 quas
1210 975 1404 1053 prisco
1431 978 1701 1033 Romana
1726 978 1992 1055 potentia
2009 980 2197 1056 cepit,

619 1079 699 1144 15
743 1096 892 1158 quas
927 1076 1136 1136 viridis
1164 1081 1424 1152 Nereus,
1469 1096 1621 1158 quas
1646 1079 1894 1156 protulit
1923 1079 2129 1163 Indica
2156 1083 2357 1156 tellus,

746 1190 806 1238 et
834 1198 982 1259 quas
1009 1178 1397 1259 Memphitica
1418 1183 1637 1239 Caesar
1660 1179 1943 1259 perduxit
1967 1182 2041 1239 ab
2067 1183 2223 1255 aula,

747 1301 896 1364 quas
922 1284 1181 1362 supplex
1207 1284 1518 1361 Cleopatra
1545 1280 1743 1357 dedit,
1789 1302 1926 1340 cum
1947 1284 2185 1340 vincula
2216 1284 2414 1344 fratris

747 1386 1023 1463 frangere
1058 1392 1331 1461 corrupto
1360 1383 1594 1461 pallens
1622 1382 1865 1442 custode
1890 1386 2142 1443 veniret.

752 1508 833 1545 ex
862 1486 1082 1567 quibus
1110 1484 1375 1544 adversis
1403 1487 1724 1544 cernebant
1750 1486 1987 1563 fulgura
2015 1486 2203 1544 mitti:

622 1596 708 1659 ΞΟ
748 1588 857 1649 sed
886 1591 1123 1662 lumen,
1166 1607 1287 1645 non
1314 1589 1474 1665 iguis
1503 1599 1665 1662 erat3
1709 1589 1820 1646 lux
1847 1586 2113 1668 undique
2134 1590 2325 1668 fulget

752 1711 931 1750 aurea
963 1691 1265 1768 conspicui
1290 1690 1548 1748 lustrans
1576 1691 1883 1770 laquearia
1909 1692 2072 1749 tecti.

748 1804 882 1851 tura
911 1792 1141 1849 Sabaea
1173 1801 1469 1866 cremant,
1514 1792 1836 1868 fragrantia
1862 1792 2047 1849 mella
2072 1792 2282 1851 locatis

751 1892 1079 1953 infundunt
1098 1894 1320 1971 pateris
1346 1902 1407 1949 et
1429 1890 1612 1952 odoro
1637 1892 1904 1950 balsama
1934 1912 2133 1950 succo.

749 2008 990 2056 centum
1017 1996 1170 2052 aliae
1197 1995 1427 2073 species
1456 2005 1875 2074 unguentaque
1899 1996 2052 2052 mira
2077 1994 2368 2073 feruutur,

622 2100 708 2166 25
748 2111 985 2177 tempus
1015 2099 1079 2154 in
1107 2106 1415 2153 aeternum
1443 2115 1677 2155 sacrum
1703 2098 2000 2155 servantia
2033 2117 2268 2176 corpus.

747 2218 1095 2280 supremum
1125 2201 1282 2277 patri
1306 2198 1493 2257 talem
1521 2199 1841 2257 celebravit
1866 2196 2156 2257 honorem
2247 2218 2254 2225 ·

745 2306 1017 2381 Augusto
1042 2302 1258 2359 melior
1281 2303 1543 2359 Iustinus
1566 2302 1817 2358 Caesare
1840 2303 2139 2379 princeps.

827 2407 906 2463 Ut
930 2405 1067 2481 pius
1093 2400 1438 2480 ingrediens
1464 2422 1677 2481 corpus
1704 2402 2045 2461 venerabile
2067 2400 2237 2477 vidit,

746 2505 1018 2564 incubuit
1041 2506 1390 2580 lacrimans,
1435 2516 1615 2584 atque
1646 2506 1849 2563 oscula
1873 2502 2094 2582 frigida
2121 2504 2340 2583 carpsit

563 2681 573 2692 ·
616 2615 700 2676 80
742 2607 935 2667 divini
964 2608 1148 2687 patris
1167 2652 1183 2683 ,
1234 2609 1548 2689 verbisque
1583 2607 1921 2666 dolentibus
1950 2608 2143 2687 inquit

732 2702 883 2768 “nos
911 2710 1124 2768 flemus
1143 2711 1376 2784 tristes,
1417 2713 1756 2789 mentisque
1787 2708 1996 2767 ardore
2027 2707 2298 2768 dolemus
2316 2727 2337 2767 t

743 2822 842 2884 tu,
885 2821 1057 2889 pater
1073 2855 1089 2885 ,
1132 2812 1431 2889 angelicas
1459 2814 1646 2886 inter,
1690 2813 2090 2884 sanctissime,
2133 2823 2360 2870 turmas

742 2912 936 2969 laetus
968 2913 1128 2987 abis,
1172 2916 1486 2992 positoque
1517 2910 1700 2969 deum
1735 2915 1860 2968 iam
1892 2932 2133 2989 corpore
2161 2917 2373 2988 cernis,

745 3024 806 3070 et
835 3013 1048 3072 frueris
1075 3017 1319 3073 meliore
1352 3013 1449 3071 die
1477 3013 1585 3070 sub
1614 3014 1842 3069 lumine
1869 3013 2031 3088 solis,

620 3114 705 3180 35
747 3134 874 3172 nox
904 3116 1000 3171 cui
1026 3116 1193 3173 nulla
1218 3116 1397 3173 subit.
1481 3116 1679 3190 salve,
1720 3124 1891 3194 pater
1915 3116 2151 3190 inclite,
2197 3116 2397 3175 salve:

747 3226 1085 3291 aeternum,
1129 3227 1299 3297 pater
1324 3218 1512 3293 alme,
1555 3211 1761 3276 vale.’'
1840 3236 1962 3276 non
1995 3219 2166 3297 plura
2193 3233 2456 3279 moratus

740 3322 1050 3397 Augustus
1079 3331 1230 3378 nutu
1259 3321 1391 3392 tolli
1422 3322 1679 3379 sublime
1709 3320 1998 3378 feretrum

740 3424 1029 3502 imperat,
1076 3433 1135 3481 et
1167 3433 1293 3482 tota
1317 3424 1574 3502 populus
1602 3425 1891 3502 processit
1919 3422 1992 3479 ab
2021 3421 2176 3496 aula,

737 3537 1087 3607 maestaque
1111 3526 1387 3585 funereas
1418 3523 1749 3584 accendunt
1776 3526 2014 3603 agmina
2042 3541 2230 3583 ceras.

614 3625 699 3692 40
740 3631 935 3688 omnis
966 3632 1031 3687 in
1062 3631 1380 3710 exsequias
1408 3647 1590 3687 sexus
1623 3629 1898 3686 convenit
1926 3638 1986 3685 et
2013 3637 2195 3685 aetas.

742 3735 875 3813 quis
900 3752 1232 3790 memorare
1263 3742 1459 3810 potest
1486 3740 1688 3788 tantae
1716 3730 2001 3787 miracula
2033 3726 2334 3809 pompae?

741 3832 883 3891 hinc
910 3837 1255 3893 Levitarum
1282 3833 1639 3891 venerabilis
1665 3829 1810 3891 ordo
1837 3841 2176 3906 canentum,

739 3939 1046 4016 virgineus
1073 3948 1241 3996 tonat
1262 3935 1402 3994 inde
1431 3934 1681 3994 chorus:
1724 3953 1848 3994 vox
1875 3932 2118 3992 aethera
2146 3934 2369 4012 pulsata

740 4039 1078 4098 funduntur.
1099 4041 1380 4097 lacrimae
1407 4040 1521 4096 ritu
1547 4039 1736 4095 nivis:
1781 4037 1970 4095 imbre
1996 4033 2319 4094 madebant

614 4138 696 4207 45
741 4155 1088 4201 cunctorum
1117 4153 1343 4216 vestes,
1385 4143 1745 4220 proprioque
1769 4142 1835 4196 in
1861 4140 2025 4196 fonte
2054 4137 2338 4195 natabant

743 4256 1054 4306 manantes
1092 4246 1280 4319 oculi,
1322 4245 1640 4322 vultusque
1670 4245 1954 4322 sinusque
1990 4242 2283 4319 rigabant.

746 4351 1029 4409 attonitae
1061 4357 1278 4406 matres
1312 4346 1587 4405 resolutis
1615 4344 1873 4406 crinibus
1900 4345 2102 4404 ibant:
