<?xml version="1.0" encoding="UTF-8"?>
<!DOCTYPE html PUBLIC "-//W3C//DTD XHTML 1.0 Transitional//EN"
    "http://www.w3.org/TR/xhtml1/DTD/xhtml1-transitional.dtd">
<html xmlns="http://www.w3.org/1999/xhtml" xml:lang="en" lang="en">
 <head>
  <title>
</title>
<meta http-equiv="Content-Type" content="text/html;charset=utf-8" />
  <meta name='ocr-system' content='tesseract 3.04.00' />
  <meta name='ocr-capabilities' content='ocr_page ocr_carea ocr_par ocr_line ocrx_word'/>
</head>
<body>
  <div class='ocr_page' id='page_1' title='image "./carminumpanegyr00niebgoog_0031.png"; bbox 0 0 3210 5200; ppageno 0'>
   <div class='ocr_carea' id='block_1_1' title="bbox 1202 453 2536 546">
    <p class='ocr_par' dir='ltr' id='par_1_1' title="bbox 1202 453 2536 546">
     <span class='ocr_line' id='line_1_1' title="bbox 1202 453 2536 546; baseline 0.021 -28"><span class='ocrx_word' id='word_1_1' title='bbox 1202 453 1685 529; x_wconf 78' lang='lat' dir='ltr'><strong>PRAEFATIO.</strong></span> <span class='ocrx_word' id='word_1_2' title='bbox 2422 499 2536 546; x_wconf 72' lang='lat' dir='ltr'><strong>:ux</strong></span> 
     </span>
    </p>
   </div>
   <div class='ocr_carea' id='block_1_2' title="bbox 302 610 2531 3859">
    <p class='ocr_par' dir='ltr' id='par_1_2' title="bbox 337 610 2531 1281">
     <span class='ocr_line' id='line_1_2' title="bbox 337 610 2531 710; baseline 0.017 -42"><span class='ocrx_word' id='word_1_3' title='bbox 337 610 417 667; x_wconf 82' lang='lat' dir='ltr'><strong>lii</strong></span> <span class='ocrx_word' id='word_1_4' title='bbox 452 610 793 671; x_wconf 60' lang='lat' dir='ltr'><strong>Cassiodm·</strong></span> <span class='ocrx_word' id='word_1_5' title='bbox 830 612 1117 674; x_wconf 70' lang='lat' dir='ltr'><strong>Consules</strong></span> <span class='ocrx_word' id='word_1_6' title='bbox 1155 616 1234 677; x_wconf 87' lang='lat' dir='ltr'><strong>ad</strong></span> <span class='ocrx_word' id='word_1_7' title='bbox 1272 641 1497 684; x_wconf 86' lang='lat' dir='ltr'><strong>annum</strong></span> <span class='ocrx_word' id='word_1_8' title='bbox 1521 625 1741 686; x_wconf 84' lang='lat' dir='ltr'><strong>Christi</strong></span> <span class='ocrx_word' id='word_1_9' title='bbox 1769 624 1893 693; x_wconf 83' lang='lat'><strong>410</strong></span> <span class='ocrx_word' id='word_1_10' title='bbox 1920 650 1982 710; x_wconf 84' lang='lat' dir='ltr'><strong>p.</strong></span> <span class='ocrx_word' id='word_1_11' title='bbox 2018 629 2142 699; x_wconf 76' lang='lat'><strong>434</strong></span> <span class='ocrx_word' id='word_1_12' title='bbox 2166 636 2310 700; x_wconf 81' lang='lat' dir='ltr'><strong>edit.</strong></span> <span class='ocrx_word' id='word_1_13' title='bbox 2341 644 2531 705; x_wconf 80' lang='lat' dir='ltr'><strong>Frau-</strong></span> 
     </span>
     <span class='ocr_line' id='line_1_3' title="bbox 340 712 2531 812; baseline 0.018 -44"><span class='ocrx_word' id='word_1_14' title='bbox 340 712 561 770; x_wconf 74' lang='lat' dir='ltr'><strong>cosm-ti</strong></span> <span class='ocrx_word' id='word_1_15' title='bbox 593 717 751 779; x_wconf 85' lang='lat'>1601</span> <span class='ocrx_word' id='word_1_16' title='bbox 790 717 879 774; x_wconf 86' lang='lat' dir='ltr'><strong>sic</strong></span> <span class='ocrx_word' id='word_1_17' title='bbox 904 717 1023 775; x_wconf 82' lang='lat' dir='ltr'><strong>ait:</strong></span> <span class='ocrx_word' id='word_1_18' title='bbox 1088 718 1312 780; x_wconf 69' lang='lat' dir='ltr'><strong>Budua</strong></span> <span class='ocrx_word' id='word_1_19' title='bbox 1338 726 1404 783; x_wconf 81' lang='lat' dir='ltr'><strong>in</strong></span> <span class='ocrx_word' id='word_1_20' title='bbox 1438 724 1792 787; x_wconf 68' lang='lat' dir='ltr'><em>bibliotheca</em></span> <span class='ocrx_word' id='word_1_21' title='bbox 1813 736 1984 812; x_wconf 78' lang='lat' dir='ltr'><strong>regia</strong></span> <span class='ocrx_word' id='word_1_22' title='bbox 1996 776 2023 805; x_wconf 90' lang='lat'><strong>,</strong></span> <span class='ocrx_word' id='word_1_23' title='bbox 2064 736 2211 797; x_wconf 81' lang='lat' dir='ltr'><strong>dum</strong></span> <span class='ocrx_word' id='word_1_24' title='bbox 2237 743 2366 802; x_wconf 81' lang='lat' dir='ltr'><strong>illic</strong></span> <span class='ocrx_word' id='word_1_25' title='bbox 2390 767 2531 808; x_wconf 86' lang='lat' dir='ltr'><strong>ora-</strong></span> 
     </span>
     <span class='ocr_line' id='line_1_4' title="bbox 344 814 2529 918; baseline 0.016 -50"><span class='ocrx_word' id='word_1_26' title='bbox 344 824 533 871; x_wconf 79' lang='lat' dir='ltr'><strong>torem</strong></span> <span class='ocrx_word' id='word_1_27' title='bbox 562 814 730 873; x_wconf 72' lang='lat' dir='ltr'><strong>Caes.</strong></span> <span class='ocrx_word' id='word_1_28' title='bbox 766 818 1191 878; x_wconf 74' lang='lat' dir='ltr'><strong>Maximilioni</strong></span> <span class='ocrx_word' id='word_1_29' title='bbox 1217 825 1392 901; x_wconf 82' lang='lat' dir='ltr'><strong>apud</strong></span> <span class='ocrx_word' id='word_1_30' title='bbox 1424 827 1811 889; x_wconf 68' lang='lat' dir='ltr'><strong>Vladidaum</strong></span> <span class='ocrx_word' id='word_1_31' title='bbox 1830 854 2032 913; x_wconf 77' lang='lat' dir='ltr'><strong>regem</strong></span> <span class='ocrx_word' id='word_1_32' title='bbox 2055 859 2317 918; x_wconf 80' lang='lat' dir='ltr'><em>agerem,</em></span> <span class='ocrx_word' id='word_1_33' title='bbox 2344 852 2529 909; x_wconf 65' lang='lat' dir='ltr'><strong>mirae</strong></span> 
     </span>
     <span class='ocr_line' id='line_1_5' title="bbox 339 919 2527 1011; baseline 0.016 -37"><span class='ocrx_word' id='word_1_34' title='bbox 339 920 663 974; x_wconf 69' lang='lat' dir='ltr'><strong>vetustatis</strong></span> <span class='ocrx_word' id='word_1_35' title='bbox 694 919 1054 997; x_wconf 72' lang='lat' dir='ltr'><em>Procopium</em></span> <span class='ocrx_word' id='word_1_36' title='bbox 1089 923 1390 983; x_wconf 78' lang='lat' dir='ltr'><strong>Graecum</strong></span> <span class='ocrx_word' id='word_1_37' title='bbox 1409 930 1627 1005; x_wconf 85' lang='lat' dir='ltr'><strong>reperi,</strong></span> <span class='ocrx_word' id='word_1_38' title='bbox 1691 954 1866 1011; x_wconf 80' lang='lat' dir='ltr'><strong>quem</strong></span> <span class='ocrx_word' id='word_1_39' title='bbox 1891 937 2047 997; x_wconf 85' lang='lat' dir='ltr'><strong>mihi</strong></span> <span class='ocrx_word' id='word_1_40' title='bbox 2064 961 2167 1000; x_wconf 77' lang='lat' dir='ltr'><strong>rex</strong></span> <span class='ocrx_word' id='word_1_41' title='bbox 2187 958 2393 1006; x_wconf 81' lang='lat' dir='ltr'><strong>mutuo</strong></span> <span class='ocrx_word' id='word_1_42' title='bbox 2422 952 2527 1009; x_wconf 76' lang='lat' dir='ltr'><strong>de·-</strong></span> 
     </span>
     <span class='ocr_line' id='line_1_6' title="bbox 344 1015 2528 1112; baseline 0.018 -41"><span class='ocrx_word' id='word_1_43' title='bbox 344 1015 448 1073; x_wconf 82' lang='lat' dir='ltr'><strong>dit</strong></span> <span class='ocrx_word' id='word_1_44' title='bbox 459 1039 485 1090; x_wconf 86' lang='lat'><strong>,·</strong></span> <span class='ocrx_word' id='word_1_45' title='bbox 548 1019 617 1074; x_wconf 82' lang='lat' dir='ltr'><strong>in</strong></span> <span class='ocrx_word' id='word_1_46' title='bbox 646 1038 785 1096; x_wconf 83' lang='lat' dir='ltr'><strong>quo,</strong></span> <span class='ocrx_word' id='word_1_47' title='bbox 822 1040 961 1078; x_wconf 84' lang='lat' dir='ltr'><strong>cum</strong></span> <span class='ocrx_word' id='word_1_48' title='bbox 987 1024 1313 1102; x_wconf 75' lang='lat' dir='ltr'><strong>confir-rem</strong></span> <span class='ocrx_word' id='word_1_49' title='bbox 1337 1048 1475 1086; x_wconf 79' lang='lat' dir='ltr'><strong>cum</strong></span> <span class='ocrx_word' id='word_1_50' title='bbox 1496 1030 1763 1105; x_wconf 85' lang='lat' dir='ltr'><strong>Latino,</strong></span> <span class='ocrx_word' id='word_1_51' title='bbox 1805 1037 2000 1096; x_wconf 71' lang='lat' dir='ltr'><strong>malm</strong></span> <span class='ocrx_word' id='word_1_52' title='bbox 2025 1040 2223 1103; x_wconf 75' lang='lat' dir='ltr'><strong>deesse</strong></span> <span class='ocrx_word' id='word_1_53' title='bbox 2248 1046 2528 1112; x_wconf 74' lang='lat' dir='ltr'><strong>observa-</strong></span> 
     </span>
     <span class='ocr_line' id='line_1_7' title="bbox 345 1118 2527 1229; baseline 0.019 -57"><span class='ocrx_word' id='word_1_54' title='bbox 345 1118 423 1173; x_wconf 71' lang='lat' dir='ltr'><strong>vi</strong></span> <span class='ocrx_word' id='word_1_55' title='bbox 436 1137 459 1172; x_wconf 89' lang='lat'><em>:</em></span> <span class='ocrx_word' id='word_1_56' title='bbox 510 1127 636 1175; x_wconf 82' lang='lat' dir='ltr'><strong>tam</strong></span> <span class='ocrx_word' id='word_1_57' title='bbox 677 1118 856 1181; x_wconf 77' lang='lat' dir='ltr'><strong>lacer-</strong></span> <span class='ocrx_word' id='word_1_58' title='bbox 869 1133 929 1179; x_wconf 77' lang='lat' dir='ltr'><strong>et</strong></span> <span class='ocrx_word' id='word_1_59' title='bbox 963 1144 1215 1185; x_wconf 65' lang='lat' dir='ltr'><strong>maneus</strong></span> <span class='ocrx_word' id='word_1_60' title='bbox 1257 1131 1420 1186; x_wconf 71' lang='lat' dir='ltr'><strong>venit</strong></span> <span class='ocrx_word' id='word_1_61' title='bbox 1452 1132 1544 1189; x_wconf 86' lang='lat' dir='ltr'><strong>ad</strong></span> <span class='ocrx_word' id='word_1_62' title='bbox 1577 1152 1796 1194; x_wconf 72' lang='lat' dir='ltr'><strong>manue</strong></span> <span class='ocrx_word' id='word_1_63' title='bbox 1832 1140 2165 1220; x_wconf 68' lang='lat' dir='ltr'><strong>interpretis</strong></span> <span class='ocrx_word' id='word_1_64' title='bbox 2175 1170 2204 1221; x_wconf 90' lang='lat'><em>;</em></span> <span class='ocrx_word' id='word_1_65' title='bbox 2262 1155 2427 1229; x_wconf 80' lang='lat' dir='ltr'><strong>quod</strong></span> <span class='ocrx_word' id='word_1_66' title='bbox 2468 1167 2527 1213; x_wconf 76' lang='lat' dir='ltr'><strong>et</strong></span> 
     </span>
     <span class='ocr_line' id='line_1_8' title="bbox 339 1215 958 1281; baseline 0.01 -6"><span class='ocrx_word' id='word_1_67' title='bbox 339 1215 549 1276; x_wconf 81' lang='lat' dir='ltr'><strong>erebro</strong></span> <span class='ocrx_word' id='word_1_68' title='bbox 577 1219 958 1281; x_wconf 71' lang='lat' dir='ltr'><em>lamentatur.</em></span> 
     </span>
    </p>

    <p class='ocr_par' dir='ltr' id='par_1_3' title="bbox 302 1319 2520 3859">
     <span class='ocr_line' id='line_1_9' title="bbox 516 1319 2520 1436; baseline 0.02 -60"><span class='ocrx_word' id='word_1_69' title='bbox 516 1319 669 1392; x_wconf 79' lang='lat' dir='ltr'><strong>Quid</strong></span> <span class='ocrx_word' id='word_1_70' title='bbox 714 1333 919 1382; x_wconf 89' lang='lat' dir='ltr'><strong>autem</strong></span> <span class='ocrx_word' id='word_1_71' title='bbox 955 1336 1156 1386; x_wconf 87' lang='lat' dir='ltr'><strong>actum</strong></span> <span class='ocrx_word' id='word_1_72' title='bbox 1207 1330 1285 1388; x_wconf 86' lang='lat' dir='ltr'><strong>sit</strong></span> <span class='ocrx_word' id='word_1_73' title='bbox 1337 1329 1411 1391; x_wconf 84' lang='lat' dir='ltr'><strong>de</strong></span> <span class='ocrx_word' id='word_1_74' title='bbox 1460 1335 1566 1394; x_wconf 89' lang='lat' dir='ltr'><strong>illo</strong></span> <span class='ocrx_word' id='word_1_75' title='bbox 1614 1336 1815 1397; x_wconf 88' lang='lat' dir='ltr'><strong>codice</strong></span> <span class='ocrx_word' id='word_1_76' title='bbox 1859 1342 2131 1425; x_wconf 82' lang='lat' dir='ltr'><strong>Corippi,</strong></span> <span class='ocrx_word' id='word_1_77' title='bbox 2208 1347 2520 1436; x_wconf 86' lang='lat' dir='ltr'><strong>hucusque</strong></span> 
     </span>
     <span class='ocr_line' id='line_1_10' title="bbox 337 1419 2518 1536; baseline 0.018 -58"><span class='ocrx_word' id='word_1_78' title='bbox 337 1419 665 1499; x_wconf 85' lang='lat' dir='ltr'><strong>ignoratur.</strong></span> <span class='ocrx_word' id='word_1_79' title='bbox 750 1437 962 1486; x_wconf 87' lang='lat' dir='ltr'><strong>notum</strong></span> <span class='ocrx_word' id='word_1_80' title='bbox 991 1440 1081 1489; x_wconf 86' lang='lat' dir='ltr'><strong>est</strong></span> <span class='ocrx_word' id='word_1_81' title='bbox 1110 1433 1302 1509; x_wconf 89' lang='lat' dir='ltr'><strong>enim,</strong></span> <span class='ocrx_word' id='word_1_82' title='bbox 1348 1456 1485 1495; x_wconf 88' lang='lat' dir='ltr'><strong>cum</strong></span> <span class='ocrx_word' id='word_1_83' title='bbox 1513 1439 1852 1502; x_wconf 77' lang='lat' dir='ltr'><strong>solimanus</strong></span> <span class='ocrx_word' id='word_1_84' title='bbox 1881 1448 1923 1508; x_wconf 82' lang='grc'>2</span> <span class='ocrx_word' id='word_1_85' title='bbox 1949 1447 2281 1510; x_wconf 84' lang='lat' dir='ltr'><strong>Turcarum</strong></span> <span class='ocrx_word' id='word_1_86' title='bbox 2320 1456 2518 1536; x_wconf 86' lang='lat' dir='ltr'><strong>impe-</strong></span> 
     </span>
     <span class='ocr_line' id='line_1_11' title="bbox 338 1525 2517 1620; baseline 0.018 -41"><span class='ocrx_word' id='word_1_87' title='bbox 338 1533 503 1580; x_wconf 87' lang='lat' dir='ltr'><strong>rator</strong></span> <span class='ocrx_word' id='word_1_88' title='bbox 549 1543 605 1583; x_wconf 88' lang='lat' dir='ltr'><strong>a.</strong></span> <span class='ocrx_word' id='word_1_89' title='bbox 656 1525 819 1593; x_wconf 83' lang='lat'><strong>1526</strong></span> <span class='ocrx_word' id='word_1_90' title='bbox 859 1539 1048 1590; x_wconf 78' lang='lat' dir='ltr'><strong>totam</strong></span> <span class='ocrx_word' id='word_1_91' title='bbox 1083 1533 1211 1591; x_wconf 85' lang='lat' dir='ltr'><strong>fere</strong></span> <span class='ocrx_word' id='word_1_92' title='bbox 1253 1538 1624 1617; x_wconf 83' lang='lat' dir='ltr'><strong>Hungariam</strong></span> <span class='ocrx_word' id='word_1_93' title='bbox 1667 1545 1790 1602; x_wconf 86' lang='lat' dir='ltr'><strong>suis</strong></span> <span class='ocrx_word' id='word_1_94' title='bbox 1837 1548 2017 1607; x_wconf 86' lang='lat' dir='ltr'><strong>armis</strong></span> <span class='ocrx_word' id='word_1_95' title='bbox 2062 1551 2408 1615; x_wconf 82' lang='lat' dir='ltr'><strong>subiecisset</strong></span> <span class='ocrx_word' id='word_1_96' title='bbox 2456 1571 2517 1620; x_wconf 88' lang='lat' dir='ltr'><strong>et</strong></span> 
     </span>
     <span class='ocr_line' id='line_1_12' title="bbox 334 1622 2513 1727; baseline 0.018 -48"><span class='ocrx_word' id='word_1_97' title='bbox 334 1622 580 1683; x_wconf 86' lang='lat' dir='ltr'><strong>Budam</strong></span> <span class='ocrx_word' id='word_1_98' title='bbox 624 1632 1111 1708; x_wconf 74' lang='lat' dir='ltr'><strong>expugnavisset,</strong></span> <span class='ocrx_word' id='word_1_99' title='bbox 1176 1638 1470 1699; x_wconf 81' lang='lat' dir='ltr'>celebrem</span> <span class='ocrx_word' id='word_1_100' title='bbox 1496 1644 1667 1702; x_wconf 89' lang='lat' dir='ltr'><strong>illam</strong></span> <span class='ocrx_word' id='word_1_101' title='bbox 1693 1645 2143 1727; x_wconf 88' lang='lat' dir='ltr'><strong>bibliothecam,</strong></span> <span class='ocrx_word' id='word_1_102' title='bbox 2203 1673 2238 1713; x_wconf 87' lang='lat' dir='ltr'><strong>a</strong></span> <span class='ocrx_word' id='word_1_103' title='bbox 2261 1658 2513 1721; x_wconf 83' lang='lat' dir='ltr'><strong>Matthia</strong></span> 
     </span>
     <span class='ocr_line' id='line_1_13' title="bbox 338 1724 2512 1840; baseline 0.02 -62"><span class='ocrx_word' id='word_1_104' title='bbox 338 1724 605 1784; x_wconf 76' lang='lat' dir='ltr'><strong>Corvino</strong></span> <span class='ocrx_word' id='word_1_105' title='bbox 634 1731 970 1807; x_wconf 83' lang='lat' dir='ltr'><strong>Hungariae</strong></span> <span class='ocrx_word' id='word_1_106' title='bbox 1000 1754 1183 1813; x_wconf 78' lang='lat' dir='ltr'><strong>rege,</strong></span> <span class='ocrx_word' id='word_1_107' title='bbox 1241 1751 1310 1800; x_wconf 87' lang='lat' dir='ltr'><strong>ut</strong></span> <span class='ocrx_word' id='word_1_108' title='bbox 1346 1742 1469 1801; x_wconf 83' lang='lat' dir='ltr'><strong>iam</strong></span> <span class='ocrx_word' id='word_1_109' title='bbox 1508 1742 1670 1821; x_wconf 84' lang='lat' dir='ltr'><strong>dixi,</strong></span> <span class='ocrx_word' id='word_1_110' title='bbox 1733 1747 2159 1829; x_wconf 85' lang='lat' dir='ltr'><strong>coadunatam,</strong></span> <span class='ocrx_word' id='word_1_111' title='bbox 2221 1756 2512 1840; x_wconf 80' lang='lat' dir='ltr'><strong>direptam</strong></span> 
     </span>
     <span class='ocr_line' id='line_1_14' title="bbox 336 1823 2510 1933; baseline 0.02 -54"><span class='ocrx_word' id='word_1_112' title='bbox 336 1823 530 1883; x_wconf 81' lang='lat' dir='ltr'><strong>fuisse</strong></span> <span class='ocrx_word' id='word_1_113' title='bbox 556 1830 831 1909; x_wconf 75' lang='lat' dir='ltr'><strong>varieque</strong></span> <span class='ocrx_word' id='word_1_114' title='bbox 860 1831 1222 1898; x_wconf 81' lang='lat' dir='ltr'><strong>distractam.</strong></span> <span class='ocrx_word' id='word_1_115' title='bbox 1310 1840 1453 1903; x_wconf 86' lang='lat' dir='ltr'><strong>hinc</strong></span> <span class='ocrx_word' id='word_1_116' title='bbox 1489 1848 1652 1907; x_wconf 85' lang='lat' dir='ltr'><strong>illius</strong></span> <span class='ocrx_word' id='word_1_117' title='bbox 1698 1848 1928 1910; x_wconf 79' lang='lat' dir='ltr'><strong>codices</strong></span> <span class='ocrx_word' id='word_1_118' title='bbox 1970 1855 2170 1933; x_wconf 88' lang='lat' dir='ltr'><strong>plures</strong></span> <span class='ocrx_word' id='word_1_119' title='bbox 2199 1860 2263 1916; x_wconf 89' lang='lat' dir='ltr'><strong>in</strong></span> <span class='ocrx_word' id='word_1_120' title='bbox 2290 1861 2510 1924; x_wconf 85' lang='lat' dir='ltr'><strong>biblio-</strong></span> 
     </span>
     <span class='ocr_line' id='line_1_15' title="bbox 331 1922 2510 2025; baseline 0.02 -43"><span class='ocrx_word' id='word_1_121' title='bbox 331 1922 538 1986; x_wconf 82' lang='lat' dir='ltr'><strong>thecas</strong></span> <span class='ocrx_word' id='word_1_122' title='bbox 572 1931 977 2010; x_wconf 73' lang='lat' dir='ltr'><strong>migravemnt</strong></span> <span class='ocrx_word' id='word_1_123' title='bbox 994 1982 1010 2012; x_wconf 93' lang='lat'>‚</span> <span class='ocrx_word' id='word_1_124' title='bbox 1070 1952 1136 1999; x_wconf 89' lang='lat' dir='ltr'><strong>ut</strong></span> <span class='ocrx_word' id='word_1_125' title='bbox 1172 1954 1421 2005; x_wconf 81' lang='lat' dir='ltr'><strong>testatur</strong></span> <span class='ocrx_word' id='word_1_126' title='bbox 1449 1950 1803 2012; x_wconf 87' lang='lat' dir='ltr'><strong>Lambecius</strong></span> <span class='ocrx_word' id='word_1_127' title='bbox 1839 1954 2404 2023; x_wconf 81' lang='lat' dir='ltr'><strong>Commentariomm</strong></span> <span class='ocrx_word' id='word_1_128' title='bbox 2437 1968 2510 2025; x_wconf 83' lang='lat' dir='ltr'><strong>de</strong></span> 
     </span>
     <span class='ocr_line' id='line_1_16' title="bbox 328 2025 2505 2144; baseline 0.02 -60"><span class='ocrx_word' id='word_1_129' title='bbox 328 2025 687 2091; x_wconf 73' lang='lat' dir='ltr'><em>bibliotheca</em></span> <span class='ocrx_word' id='word_1_130' title='bbox 733 2036 1177 2100; x_wconf 74' lang='lat' dir='ltr'><strong>Vindobonensi</strong></span> <span class='ocrx_word' id='word_1_131' title='bbox 1218 2046 1370 2108; x_wconf 84' lang='lat' dir='ltr'><strong>libro</strong></span> <span class='ocrx_word' id='word_1_132' title='bbox 1411 2054 1441 2113; x_wconf 88' lang='lat'>1</span> <span class='ocrx_word' id='word_1_133' title='bbox 1478 2072 1647 2111; x_wconf 85' lang='lat' dir='ltr'><strong>uum.</strong></span> <span class='ocrx_word' id='word_1_134' title='bbox 1688 2059 1770 2120; x_wconf 80' lang='lat'><strong>86</strong></span> <span class='ocrx_word' id='word_1_135' title='bbox 1811 2076 1872 2136; x_wconf 90' lang='lat' dir='ltr'><strong>p.</strong></span> <span class='ocrx_word' id='word_1_136' title='bbox 1911 2062 1994 2123; x_wconf 88' lang='lat'><strong>70</strong></span> <span class='ocrx_word' id='word_1_137' title='bbox 2044 2059 2188 2119; x_wconf 89' lang='lat' dir='ltr'><strong>edit.</strong></span> <span class='ocrx_word' id='word_1_138' title='bbox 2238 2065 2505 2144; x_wconf 86' lang='lat' dir='ltr'><strong>Kollarii,</strong></span> 
     </span>
     <span class='ocr_line' id='line_1_17' title="bbox 327 2129 2506 2248; baseline 0.018 -59"><span class='ocrx_word' id='word_1_139' title='bbox 327 2130 435 2189; x_wconf 87' lang='lat' dir='ltr'><strong>ubi</strong></span> <span class='ocrx_word' id='word_1_140' title='bbox 463 2129 538 2189; x_wconf 90' lang='lat' dir='ltr'><strong>de</strong></span> <span class='ocrx_word' id='word_1_141' title='bbox 567 2135 642 2193; x_wconf 86' lang='lat' dir='ltr'><strong>iis</strong></span> <span class='ocrx_word' id='word_1_142' title='bbox 670 2139 796 2215; x_wconf 83' lang='lat' dir='ltr'><strong>agit</strong></span> <span class='ocrx_word' id='word_1_143' title='bbox 826 2141 933 2219; x_wconf 84' lang='lat' dir='ltr'><strong>qui</strong></span> <span class='ocrx_word' id='word_1_144' title='bbox 959 2141 1213 2204; x_wconf 77' lang='lat' dir='ltr'><strong>eandem</strong></span> <span class='ocrx_word' id='word_1_145' title='bbox 1239 2153 1417 2211; x_wconf 81' lang='lat' dir='ltr'><strong>variis</strong></span> <span class='ocrx_word' id='word_1_146' title='bbox 1446 2157 1811 2236; x_wconf 75' lang='lat' dir='ltr'><strong>temporibus</strong></span> <span class='ocrx_word' id='word_1_147' title='bbox 1840 2158 2208 2239; x_wconf 81' lang='lat' dir='ltr'><strong>ditaverunt,</strong></span> <span class='ocrx_word' id='word_1_148' title='bbox 2254 2185 2334 2224; x_wconf 82' lang='lat' dir='ltr'><strong>ex</strong></span> <span class='ocrx_word' id='word_1_149' title='bbox 2365 2171 2506 2248; x_wconf 61' lang='lat' dir='ltr'><strong>qui-2</strong></span> 
     </span>
     <span class='ocr_line' id='line_1_18' title="bbox 325 2230 2505 2338; baseline 0.019 -49"><span class='ocrx_word' id='word_1_150' title='bbox 325 2230 440 2291; x_wconf 86' lang='lat' dir='ltr'><strong>bus</strong></span> <span class='ocrx_word' id='word_1_151' title='bbox 467 2255 619 2295; x_wconf 86' lang='lat' dir='ltr'><strong>unus</strong></span> <span class='ocrx_word' id='word_1_152' title='bbox 648 2239 764 2297; x_wconf 86' lang='lat' dir='ltr'><strong>fuit</strong></span> <span class='ocrx_word' id='word_1_153' title='bbox 789 2241 919 2318; x_wconf 84' lang='lat' dir='ltr'><strong>ipse</strong></span> <span class='ocrx_word' id='word_1_154' title='bbox 948 2243 1369 2327; x_wconf 81' lang='lat' dir='ltr'><strong>Cuspinianus‚</strong></span> <span class='ocrx_word' id='word_1_155' title='bbox 1427 2257 1654 2338; x_wconf 87' lang='lat' dir='ltr'><strong>aliquot</strong></span> <span class='ocrx_word' id='word_1_156' title='bbox 1693 2262 1876 2320; x_wconf 87' lang='lat' dir='ltr'><strong>etiam</strong></span> <span class='ocrx_word' id='word_1_157' title='bbox 1915 2283 1996 2321; x_wconf 86' lang='lat' dir='ltr'><strong>ex</strong></span> <span class='ocrx_word' id='word_1_158' title='bbox 2023 2265 2399 2330; x_wconf 82' lang='lat' dir='ltr'><strong>Budensibus</strong></span> <span class='ocrx_word' id='word_1_159' title='bbox 2425 2273 2505 2330; x_wconf 84' lang='lat' dir='ltr'><strong>li-</strong></span> 
     </span>
     <span class='ocr_line' id='line_1_19' title="bbox 325 2332 2503 2450; baseline 0.019 -60"><span class='ocrx_word' id='word_1_160' title='bbox 325 2332 448 2391; x_wconf 85' lang='lat' dir='ltr'><strong>bris</strong></span> <span class='ocrx_word' id='word_1_161' title='bbox 477 2356 510 2393; x_wconf 87' lang='lat' dir='ltr'><strong>a</strong></span> <span class='ocrx_word' id='word_1_162' title='bbox 536 2358 598 2395; x_wconf 87' lang='lat' dir='ltr'><strong>se</strong></span> <span class='ocrx_word' id='word_1_163' title='bbox 629 2345 984 2420; x_wconf 86' lang='lat' dir='ltr'><strong>comparatis</strong></span> <span class='ocrx_word' id='word_1_164' title='bbox 1003 2389 1019 2419; x_wconf 91' lang='lat'>‚</span> <span class='ocrx_word' id='word_1_165' title='bbox 1066 2345 1211 2407; x_wconf 89' lang='lat' dir='ltr'><strong>dum</strong></span> <span class='ocrx_word' id='word_1_166' title='bbox 1235 2352 1430 2414; x_wconf 90' lang='lat' dir='ltr'><strong>eidem</strong></span> <span class='ocrx_word' id='word_1_167' title='bbox 1460 2373 1779 2437; x_wconf 78' lang='lat' dir='ltr'><strong>praeesset.</strong></span> <span class='ocrx_word' id='word_1_168' title='bbox 1868 2364 2140 2425; x_wconf 71' lang='lat' dir='ltr'><strong>Sti-uvius</strong></span> <span class='ocrx_word' id='word_1_169' title='bbox 2171 2387 2410 2450; x_wconf 88' lang='lat' dir='ltr'><strong>quoque</strong></span> <span class='ocrx_word' id='word_1_170' title='bbox 2438 2374 2503 2430; x_wconf 86' lang='lat' dir='ltr'><strong>in</strong></span> 
     </span>
     <span class='ocr_line' id='line_1_20' title="bbox 330 2435 2502 2535; baseline 0.019 -44"><span class='ocrx_word' id='word_1_171' title='bbox 330 2435 774 2500; x_wconf 75' lang='lat' dir='ltr'><strong>Introductione</strong></span> <span class='ocrx_word' id='word_1_172' title='bbox 814 2446 883 2501; x_wconf 83' lang='lat' dir='ltr'><strong>in</strong></span> <span class='ocrx_word' id='word_1_173' title='bbox 921 2451 1193 2509; x_wconf 77' lang='lat' dir='ltr'><em>notitiam</em></span> <span class='ocrx_word' id='word_1_174' title='bbox 1232 2458 1321 2512; x_wconf 81' lang='lat' dir='ltr'><strong>rei</strong></span> <span class='ocrx_word' id='word_1_175' title='bbox 1348 2456 1673 2535; x_wconf 74' lang='lat' dir='ltr'><strong>litterariae</strong></span> <span class='ocrx_word' id='word_1_176' title='bbox 1716 2474 1772 2520; x_wconf 90' lang='lat' dir='ltr'><strong>et</strong></span> <span class='ocrx_word' id='word_1_177' title='bbox 1804 2484 1980 2522; x_wconf 70' lang='lat' dir='ltr'><strong>usum</strong></span> <span class='ocrx_word' id='word_1_178' title='bbox 2015 2464 2502 2532; x_wconf 77' lang='lat' dir='ltr'><em>bibliothecarum</em></span> 
     </span>
     <span class='ocr_line' id='line_1_21' title="bbox 329 2534 2503 2650; baseline 0.018 -56"><span class='ocrx_word' id='word_1_179' title='bbox 329 2555 388 2594; x_wconf 87' lang='lat' dir='ltr'><strong>c.</strong></span> <span class='ocrx_word' id='word_1_180' title='bbox 414 2543 457 2604; x_wconf 79' lang='lat'>2</span> <span class='ocrx_word' id='word_1_181' title='bbox 493 2534 529 2620; x_wconf 63' lang='grc' dir='ltr'><strong>ξ</strong></span> <span class='ocrx_word' id='word_1_182' title='bbox 560 2545 633 2606; x_wconf 84' lang='grc'><strong>18</strong></span> <span class='ocrx_word' id='word_1_183' title='bbox 669 2564 730 2624; x_wconf 88' lang='lat' dir='ltr'><strong>p.</strong></span> <span class='ocrx_word' id='word_1_184' title='bbox 761 2548 840 2610; x_wconf 87' lang='lat'><strong>67</strong></span> <span class='ocrx_word' id='word_1_185' title='bbox 870 2557 930 2606; x_wconf 86' lang='lat' dir='ltr'><strong>et</strong></span> <span class='ocrx_word' id='word_1_186' title='bbox 958 2568 1085 2631; x_wconf 84' lang='lat' dir='ltr'><strong>seq.</strong></span> <span class='ocrx_word' id='word_1_187' title='bbox 1121 2552 1261 2615; x_wconf 88' lang='lat' dir='ltr'><strong>edit.</strong></span> <span class='ocrx_word' id='word_1_188' title='bbox 1290 2560 1556 2622; x_wconf 85' lang='lat' dir='ltr'><strong>lenensis</strong></span> <span class='ocrx_word' id='word_1_189' title='bbox 1590 2567 1732 2623; x_wconf 84' lang='lat' dir='ltr'><strong>anni</strong></span> <span class='ocrx_word' id='word_1_190' title='bbox 1768 2570 1956 2641; x_wconf 87' lang='lat'><strong>1710,</strong></span> <span class='ocrx_word' id='word_1_191' title='bbox 2020 2565 2094 2628; x_wconf 85' lang='lat' dir='ltr'><strong>de</strong></span> <span class='ocrx_word' id='word_1_192' title='bbox 2138 2568 2503 2650; x_wconf 77' lang='lat' dir='ltr'><strong>dispersione</strong></span> 
     </span>
     <span class='ocr_line' id='line_1_22' title="bbox 328 2639 2500 2734; baseline 0.018 -39"><span class='ocrx_word' id='word_1_193' title='bbox 328 2639 721 2702; x_wconf 77' lang='lat' dir='ltr'><strong>bibliothecae</strong></span> <span class='ocrx_word' id='word_1_194' title='bbox 756 2647 1047 2711; x_wconf 87' lang='lat' dir='ltr'><strong>Budensis</strong></span> <span class='ocrx_word' id='word_1_195' title='bbox 1089 2658 1239 2734; x_wconf 84' lang='lat' dir='ltr'><strong>agit,</strong></span> <span class='ocrx_word' id='word_1_196' title='bbox 1296 2671 1355 2716; x_wconf 88' lang='lat' dir='ltr'><strong>et</strong></span> <span class='ocrx_word' id='word_1_197' title='bbox 1395 2663 1543 2721; x_wconf 86' lang='lat' dir='ltr'><strong>alios</strong></span> <span class='ocrx_word' id='word_1_198' title='bbox 1587 2683 1668 2722; x_wconf 84' lang='lat' dir='ltr'><strong>ex</strong></span> <span class='ocrx_word' id='word_1_199' title='bbox 1704 2667 2071 2728; x_wconf 63' lang='lat' dir='ltr'><strong>eon-viniani»</strong></span> <span class='ocrx_word' id='word_1_200' title='bbox 2102 2668 2400 2733; x_wconf 81' lang='lat' dir='ltr'><strong>codicibus</strong></span> <span class='ocrx_word' id='word_1_201' title='bbox 2434 2675 2500 2733; x_wconf 86' lang='lat' dir='ltr'><strong>in</strong></span> 
     </span>
     <span class='ocr_line' id='line_1_23' title="bbox 323 2739 2496 2852; baseline 0.018 -56"><span class='ocrx_word' id='word_1_202' title='bbox 323 2739 787 2824; x_wconf 74' lang='lat' dir='ltr'><strong>Guelferbytmna</strong></span> <span class='ocrx_word' id='word_1_203' title='bbox 827 2771 1135 2835; x_wconf 84' lang='lat' dir='ltr'><strong>unumque</strong></span> <span class='ocrx_word' id='word_1_204' title='bbox 1178 2760 1242 2816; x_wconf 88' lang='lat' dir='ltr'><strong>in</strong></span> <span class='ocrx_word' id='word_1_205' title='bbox 1284 2760 1505 2822; x_wconf 87' lang='lat' dir='ltr'><strong>Salana</strong></span> <span class='ocrx_word' id='word_1_206' title='bbox 1542 2765 1900 2827; x_wconf 84' lang='lat' dir='ltr'><strong>bibliotheca</strong></span> <span class='ocrx_word' id='word_1_207' title='bbox 1945 2774 2167 2831; x_wconf 78' lang='lat' dir='ltr'><strong>servari</strong></span> <span class='ocrx_word' id='word_1_208' title='bbox 2203 2773 2496 2852; x_wconf 77' lang='lat' dir='ltr'><strong>affirmat3</strong></span> 
     </span>
     <span class='ocr_line' id='line_1_24' title="bbox 320 2845 2495 2953; baseline 0.019 -55"><span class='ocrx_word' id='word_1_209' title='bbox 320 2845 430 2925; x_wconf 81' lang='lat' dir='ltr'><strong>qui</strong></span> <span class='ocrx_word' id='word_1_210' title='bbox 467 2845 665 2905; x_wconf 84' lang='lat' dir='ltr'><strong>subdit</strong></span> <span class='ocrx_word' id='word_1_211' title='bbox 707 2854 887 2911; x_wconf 88' lang='lat' dir='ltr'><strong>etiam</strong></span> <span class='ocrx_word' id='word_1_212' title='bbox 930 2857 992 2913; x_wconf 89' lang='lat' dir='ltr'><strong>in</strong></span> <span class='ocrx_word' id='word_1_213' title='bbox 1034 2860 1398 2938; x_wconf 81' lang='lat' dir='ltr'><strong>privatorum</strong></span> <span class='ocrx_word' id='word_1_214' title='bbox 1438 2867 1810 2930; x_wconf 86' lang='lat' dir='ltr'><strong>bibliothecis</strong></span> <span class='ocrx_word' id='word_1_215' title='bbox 1858 2875 2102 2953; x_wconf 88' lang='lat' dir='ltr'><strong>reperiri</strong></span> <span class='ocrx_word' id='word_1_216' title='bbox 2150 2874 2495 2938; x_wconf 84' lang='lat' dir='ltr'><strong>huiusmodi</strong></span> 
     </span>
     <span class='ocr_line' id='line_1_25' title="bbox 317 2942 2492 3058; baseline 0.019 -58"><span class='ocrx_word' id='word_1_217' title='bbox 317 2942 572 3005; x_wconf 82' lang='lat' dir='ltr'><strong>codices.</strong></span> <span class='ocrx_word' id='word_1_218' title='bbox 627 2969 801 3027; x_wconf 81' lang='lat' dir='ltr'><strong>porro</strong></span> <span class='ocrx_word' id='word_1_219' title='bbox 832 2957 1121 3037; x_wconf 80' lang='lat' dir='ltr'><strong>Georgius</strong></span> <span class='ocrx_word' id='word_1_220' title='bbox 1147 2964 1370 3026; x_wconf 85' lang='lat' dir='ltr'><strong>Remus</strong></span> <span class='ocrx_word' id='word_1_221' title='bbox 1401 2981 1610 3031; x_wconf 83' lang='lat' dir='ltr'><strong>nactus</strong></span> <span class='ocrx_word' id='word_1_222' title='bbox 1641 2984 1731 3032; x_wconf 83' lang='lat' dir='ltr'><strong>est</strong></span> <span class='ocrx_word' id='word_1_223' title='bbox 1761 2976 1825 3032; x_wconf 85' lang='lat' dir='ltr'><strong>in</strong></span> <span class='ocrx_word' id='word_1_224' title='bbox 1855 2975 2213 3037; x_wconf 83' lang='lat' dir='ltr'><strong>bibliotheca</strong></span> <span class='ocrx_word' id='word_1_225' title='bbox 2236 2982 2492 3058; x_wconf 82' lang='lat' dir='ltr'><strong>Augusti</strong></span> 
     </span>
     <span class='ocr_line' id='line_1_26' title="bbox 312 3046 2484 3158; baseline 0.019 -56"><span class='ocrx_word' id='word_1_226' title='bbox 312 3046 564 3108; x_wconf 82' lang='lat' dir='ltr'><strong>iunioris</strong></span> <span class='ocrx_word' id='word_1_227' title='bbox 604 3048 769 3112; x_wconf 83' lang='lat' dir='ltr'><strong>ducis</strong></span> <span class='ocrx_word' id='word_1_228' title='bbox 808 3059 1153 3142; x_wconf 86' lang='lat' dir='ltr'><strong>Luneburgi</strong></span> <span class='ocrx_word' id='word_1_229' title='bbox 1192 3066 1456 3129; x_wconf 84' lang='lat' dir='ltr'><strong>codicem</strong></span> <span class='ocrx_word' id='word_1_230' title='bbox 1470 3116 1487 3146; x_wconf 98' lang='lat'><strong>,</strong></span> <span class='ocrx_word' id='word_1_231' title='bbox 1548 3076 1655 3155; x_wconf 89' lang='lat' dir='ltr'><strong>qui</strong></span> <span class='ocrx_word' id='word_1_232' title='bbox 1685 3077 2021 3136; x_wconf 86' lang='lat' dir='ltr'><strong>continebat</strong></span> <span class='ocrx_word' id='word_1_233' title='bbox 2049 3100 2228 3158; x_wconf 81' lang='lat' dir='ltr'><strong>opera</strong></span> <span class='ocrx_word' id='word_1_234' title='bbox 2259 3082 2484 3142; x_wconf 85' lang='lat' dir='ltr'><strong>Barth.</strong></span> 
     </span>
     <span class='ocr_line' id='line_1_27' title="bbox 312 3143 2488 3273; baseline 0.019 -69"><span class='ocrx_word' id='word_1_235' title='bbox 312 3149 555 3223; x_wconf 76' lang='lat' dir='ltr'><strong>,Fon-tii,</strong></span> <span class='ocrx_word' id='word_1_236' title='bbox 602 3173 904 3239; x_wconf 84' lang='lat' dir='ltr'><strong>quemque</strong></span> <span class='ocrx_word' id='word_1_237' title='bbox 931 3175 1133 3223; x_wconf 78' lang='lat' dir='ltr'><strong>auctor</strong></span> <span class='ocrx_word' id='word_1_238' title='bbox 1161 3143 1453 3230; x_wconf 64' lang='lat' dir='ltr'><strong>obtulerat</strong></span> <span class='ocrx_word' id='word_1_239' title='bbox 1484 3179 1611 3254; x_wconf 81' lang='lat' dir='ltr'><strong>regi</strong></span> <span class='ocrx_word' id='word_1_240' title='bbox 1637 3177 1924 3238; x_wconf 81' lang='lat' dir='ltr'><strong>Matthiae</strong></span> <span class='ocrx_word' id='word_1_241' title='bbox 1942 3226 1958 3254; x_wconf 93' lang='lat'><strong>,</strong></span> <span class='ocrx_word' id='word_1_242' title='bbox 2017 3193 2085 3240; x_wconf 85' lang='lat' dir='ltr'><strong>ut</strong></span> <span class='ocrx_word' id='word_1_243' title='bbox 2121 3183 2488 3273; x_wconf 75' lang='lat' dir='ltr'><strong>putatidem</strong></span> 
     </span>
     <span class='ocr_line' id='line_1_28' title="bbox 315 3249 2487 3358; baseline 0.008 -32"><span class='ocrx_word' id='word_1_244' title='bbox 315 3249 539 3328; x_wconf 73' lang='lat' dir='ltr'><strong>editor,</strong></span> <span class='ocrx_word' id='word_1_245' title='bbox 597 3259 702 3336; x_wconf 77' lang='lat' dir='ltr'><strong>qui</strong></span> <span class='ocrx_word' id='word_1_246' title='bbox 738 3260 847 3319; x_wconf 76' lang='lat' dir='ltr'><strong>ina</strong></span> <span class='ocrx_word' id='word_1_247' title='bbox 890 3282 947 3321; x_wconf 76' lang='lat' dir='ltr'><strong>a.</strong></span> <span class='ocrx_word' id='word_1_248' title='bbox 985 3269 1139 3331; x_wconf 83' lang='lat'><strong>1621</strong></span> <span class='ocrx_word' id='word_1_249' title='bbox 1184 3271 1557 3334; x_wconf 74' lang='lat' dir='ltr'><strong>ancofurti</strong></span> <span class='ocrx_word' id='word_1_250' title='bbox 1584 3281 1742 3358; x_wconf 68' lang='lat' dir='ltr'><strong>typis</strong></span> <span class='ocrx_word' id='word_1_251' title='bbox 1773 3283 2086 3341; x_wconf 68' lang='lat' dir='ltr'><strong>commisit.</strong></span> <span class='ocrx_word' id='word_1_252' title='bbox 2173 3286 2238 3340; x_wconf 76' lang='lat' dir='ltr'><strong>in</strong></span> <span class='ocrx_word' id='word_1_253' title='bbox 2268 3285 2487 3343; x_wconf 85' lang='lat' dir='ltr'><strong>biblio-</strong></span> 
     </span>
     <span class='ocr_line' id='line_1_29' title="bbox 315 3351 2485 3466; baseline 0.016 -55"><span class='ocrx_word' id='word_1_254' title='bbox 315 3351 507 3414; x_wconf 82' lang='lat' dir='ltr'><strong>thecis</strong></span> <span class='ocrx_word' id='word_1_255' title='bbox 556 3359 762 3418; x_wconf 87' lang='lat' dir='ltr'><strong>Italiae</strong></span> <span class='ocrx_word' id='word_1_256' title='bbox 818 3384 1056 3447; x_wconf 88' lang='lat' dir='ltr'><strong>quoqne</strong></span> <span class='ocrx_word' id='word_1_257' title='bbox 1112 3371 1384 3432; x_wconf 79' lang='lat' dir='ltr'><strong>visuntur</strong></span> <span class='ocrx_word' id='word_1_258' title='bbox 1439 3377 1640 3456; x_wconf 88' lang='lat' dir='ltr'><strong>plures</strong></span> <span class='ocrx_word' id='word_1_259' title='bbox 1676 3400 1801 3439; x_wconf 84' lang='lat' dir='ltr'><strong>mss</strong></span> <span class='ocrx_word' id='word_1_260' title='bbox 1844 3381 2172 3443; x_wconf 85' lang='lat' dir='ltr'><strong>Budenses.</strong></span> <span class='ocrx_word' id='word_1_261' title='bbox 2259 3386 2485 3466; x_wconf 78' lang='lat' dir='ltr'><strong>aliquot</strong></span> 
     </span>
     <span class='ocr_line' id='line_1_30' title="bbox 309 3456 2483 3548; baseline 0.017 -36"><span class='ocrx_word' id='word_1_262' title='bbox 309 3456 614 3534; x_wconf 81' lang='lat' dir='ltr'><strong>possidere</strong></span> <span class='ocrx_word' id='word_1_263' title='bbox 648 3464 964 3526; x_wconf 84' lang='lat' dir='ltr'><strong>Estensem</strong></span> <span class='ocrx_word' id='word_1_264' title='bbox 1007 3471 1423 3535; x_wconf 79' lang='lat' dir='ltr'><strong>animadvertit</strong></span> <span class='ocrx_word' id='word_1_265' title='bbox 1446 3480 1871 3541; x_wconf 85' lang='lat' dir='ltr'><strong>Tiraboschius</strong></span> <span class='ocrx_word' id='word_1_266' title='bbox 1911 3487 1974 3542; x_wconf 89' lang='lat' dir='ltr'><strong>in</strong></span> <span class='ocrx_word' id='word_1_267' title='bbox 2007 3488 2263 3545; x_wconf 82' lang='lat' dir='ltr'><strong>Historia</strong></span> <span class='ocrx_word' id='word_1_268' title='bbox 2289 3491 2483 3548; x_wconf 65' lang='lat' dir='ltr'><strong>Litte-</strong></span> 
     </span>
     <span class='ocr_line' id='line_1_31' title="bbox 308 3559 2484 3648; baseline 0.015 -32"><span class='ocrx_word' id='word_1_269' title='bbox 308 3559 473 3617; x_wconf 84' lang='lat' dir='ltr'><strong>raria</strong></span> <span class='ocrx_word' id='word_1_270' title='bbox 496 3563 698 3622; x_wconf 83' lang='lat' dir='ltr'><strong>ltaliae</strong></span> <span class='ocrx_word' id='word_1_271' title='bbox 734 3576 782 3624; x_wconf 83' lang='lat' dir='ltr'><strong>t.</strong></span> <span class='ocrx_word' id='word_1_272' title='bbox 809 3570 850 3630; x_wconf 90' lang='lat'>7</span> <span class='ocrx_word' id='word_1_273' title='bbox 887 3590 950 3648; x_wconf 88' lang='lat' dir='ltr'><strong>p.</strong></span> <span class='ocrx_word' id='word_1_274' title='bbox 977 3575 1102 3637; x_wconf 80' lang='lat'><strong>230</strong></span> <span class='ocrx_word' id='word_1_275' title='bbox 1141 3575 1436 3637; x_wconf 86' lang='lat' dir='ltr'><strong>secundae</strong></span> <span class='ocrx_word' id='word_1_276' title='bbox 1476 3578 1619 3638; x_wconf 89' lang='lat' dir='ltr'><strong>edit.</strong></span> <span class='ocrx_word' id='word_1_277' title='bbox 1645 3584 2017 3644; x_wconf 58' lang='lat' dir='ltr'><strong>Mutinensi&amp;</strong></span> <span class='ocrx_word' id='word_1_278' title='bbox 2101 3588 2484 3648; x_wconf 80' lang='lat' dir='ltr'><strong>inveniuntur</strong></span> 
     </span>
     <span class='ocr_line' id='line_1_32' title="bbox 304 3662 2479 3762; baseline 0.016 -44"><span class='ocrx_word' id='word_1_279' title='bbox 304 3662 649 3724; x_wconf 77' lang='lat' dir='ltr'><strong>Florentiae</strong></span> <span class='ocrx_word' id='word_1_280' title='bbox 701 3688 937 3752; x_wconf 88' lang='lat' dir='ltr'><strong>quoque</strong></span> <span class='ocrx_word' id='word_1_281' title='bbox 988 3673 1051 3731; x_wconf 87' lang='lat' dir='ltr'><strong>in</strong></span> <span class='ocrx_word' id='word_1_282' title='bbox 1098 3674 1457 3739; x_wconf 82' lang='lat' dir='ltr'><strong>bibliotheca</strong></span> <span class='ocrx_word' id='word_1_283' title='bbox 1510 3684 1908 3744; x_wconf 75' lang='lat' dir='ltr'><strong>Laurentiano</strong></span> <span class='ocrx_word' id='word_1_284' title='bbox 1930 3731 1947 3762; x_wconf 94' lang='lat'><strong>,</strong></span> <span class='ocrx_word' id='word_1_285' title='bbox 2007 3696 2075 3747; x_wconf 86' lang='lat' dir='ltr'><strong>ut</strong></span> <span class='ocrx_word' id='word_1_286' title='bbox 2120 3700 2324 3749; x_wconf 84' lang='lat' dir='ltr'><strong>monet</strong></span> <span class='ocrx_word' id='word_1_287' title='bbox 2370 3711 2479 3752; x_wconf 85' lang='lat' dir='ltr'><strong>nos</strong></span> 
     </span>
     <span class='ocr_line' id='line_1_33' title="bbox 302 3763 2479 3859; baseline 0.017 -38"><span class='ocrx_word' id='word_1_288' title='bbox 302 3763 639 3827; x_wconf 63' lang='lat' dir='ltr'><strong>nundinius</strong></span> <span class='ocrx_word' id='word_1_289' title='bbox 661 3772 726 3827; x_wconf 88' lang='lat' dir='ltr'><strong>in</strong></span> <span class='ocrx_word' id='word_1_290' title='bbox 750 3773 914 3832; x_wconf 84' lang='lat' dir='ltr'><strong>illius</strong></span> <span class='ocrx_word' id='word_1_291' title='bbox 941 3776 1215 3857; x_wconf 82' lang='lat' dir='ltr'><strong>catalogo</strong></span> <span class='ocrx_word' id='word_1_292' title='bbox 1247 3781 1515 3841; x_wconf 80' lang='lat' dir='ltr'><strong>codicum</strong></span> <span class='ocrx_word' id='word_1_293' title='bbox 1536 3785 1899 3846; x_wconf 61' lang='lat' dir='ltr'><strong>Latonas-um</strong></span> <span class='ocrx_word' id='word_1_294' title='bbox 1917 3799 1999 3848; x_wconf 87' lang='lat' dir='ltr'><strong>to.</strong></span> <span class='ocrx_word' id='word_1_295' title='bbox 2037 3794 2066 3852; x_wconf 89' lang='lat'>1</span> <span class='ocrx_word' id='word_1_296' title='bbox 2097 3790 2210 3848; x_wconf 75' lang='lat' dir='ltr'><strong>col-</strong></span> <span class='ocrx_word' id='word_1_297' title='bbox 2248 3790 2325 3855; x_wconf 87' lang='lat'><strong>14</strong></span> <span class='ocrx_word' id='word_1_298' title='bbox 2359 3792 2479 3859; x_wconf 78' lang='lat'><strong>142</strong></span> 
     </span>
    </p>
   </div>
   <div class='ocr_carea' id='block_1_3' title="bbox 298 4041 2476 4275">
    <p class='ocr_par' dir='ltr' id='par_1_4' title="bbox 298 4041 2476 4275">
     <span class='ocr_line' id='line_1_34' title="bbox 305 4041 2476 4176; baseline 0.016 -53"><span class='ocrx_word' id='word_1_299' title='bbox 305 4085 460 4147; x_wconf 82' lang='lat' dir='ltr'><strong>quae</strong></span> <span class='ocrx_word' id='word_1_300' title='bbox 492 4075 739 4152; x_wconf 85' lang='lat' dir='ltr'><strong>contigit</strong></span> <span class='ocrx_word' id='word_1_301' title='bbox 766 4096 822 4136; x_wconf 89' lang='lat' dir='ltr'><strong>a.</strong></span> <span class='ocrx_word' id='word_1_302' title='bbox 862 4079 1020 4145; x_wconf 84' lang='lat'>1490</span> <span class='ocrx_word' id='word_1_303' title='bbox 1045 4081 1238 4162; x_wconf 88' lang='lat' dir='ltr'><strong>pridie</strong></span> <span class='ocrx_word' id='word_1_304' title='bbox 1266 4106 1455 4148; x_wconf 86' lang='lat' dir='ltr'><strong>nonas</strong></span> <span class='ocrx_word' id='word_1_305' title='bbox 1477 4091 1576 4148; x_wconf 76' lang='lat' dir='ltr'><strong>vel</strong></span> <span class='ocrx_word' id='word_1_306' title='bbox 1608 4094 1649 4156; x_wconf 89' lang='grc'><strong>8</strong></span> <span class='ocrx_word' id='word_1_307' title='bbox 1674 4091 1810 4153; x_wconf 88' lang='lat' dir='ltr'><strong>idus</strong></span> <span class='ocrx_word' id='word_1_308' title='bbox 1837 4097 2078 4176; x_wconf 85' lang='lat' dir='ltr'><strong>Aprilis,</strong></span> <span class='ocrx_word' id='word_1_309' title='bbox 2121 4097 2309 4163; x_wconf 80' lang='lat' dir='ltr'><strong>relicti</strong></span> <span class='ocrx_word' id='word_1_310' title='bbox 2336 4041 2476 4157; x_wconf 51' lang='lat' dir='ltr'><strong>fue-⁹</strong></span> 
     </span>
     <span class='ocr_line' id='line_1_35' title="bbox 298 4172 2475 4275; baseline 0.013 -49"><span class='ocrx_word' id='word_1_311' title='bbox 298 4180 442 4226; x_wconf 78' lang='lat' dir='ltr'><strong>rant</strong></span> <span class='ocrx_word' id='word_1_312' title='bbox 463 4172 796 4237; x_wconf 79' lang='lat' dir='ltr'><strong>Florentiae</strong></span> <span class='ocrx_word' id='word_1_313' title='bbox 825 4191 1001 4264; x_wconf 85' lang='lat' dir='ltr'><strong>atque</strong></span> <span class='ocrx_word' id='word_1_314' title='bbox 1033 4204 1069 4242; x_wconf 85' lang='lat' dir='ltr'><strong>a</strong></span> <span class='ocrx_word' id='word_1_315' title='bbox 1094 4188 1296 4248; x_wconf 85' lang='lat' dir='ltr'><strong>Leone</strong></span> <span class='ocrx_word' id='word_1_316' title='bbox 1319 4192 1391 4248; x_wconf 86' lang='lat' dir='ltr'><strong>P.</strong></span> <span class='ocrx_word' id='word_1_317' title='bbox 1426 4195 1503 4257; x_wconf 90' lang='lat'><strong>10</strong></span> <span class='ocrx_word' id='word_1_318' title='bbox 1528 4192 1843 4275; x_wconf 84' lang='lat' dir='ltr'><strong>redempti.</strong></span> <span class='ocrx_word' id='word_1_319' title='bbox 1927 4196 2039 4256; x_wconf 86' lang='lat' dir='ltr'><strong>sed</strong></span> <span class='ocrx_word' id='word_1_320' title='bbox 2068 4198 2335 4259; x_wconf 86' lang='lat' dir='ltr'><strong>codicem</strong></span> <span class='ocrx_word' id='word_1_321' title='bbox 2366 4197 2475 4255; x_wconf 86' lang='lat' dir='ltr'><strong>de-</strong></span> 
     </span>
    </p>
   </div>
   <div class='ocr_carea' id='block_1_4' title="bbox 288 4271 2474 4476">
    <p class='ocr_par' dir='ltr' id='par_1_5' title="bbox 288 4271 2474 4476">
     <span class='ocr_line' id='line_1_36' title="bbox 290 4271 2474 4373; baseline 0.014 -47"><span class='ocrx_word' id='word_1_322' title='bbox 290 4271 586 4349; x_wconf 72' lang='lat' dir='ltr'><strong>scriptum</strong></span> <span class='ocrx_word' id='word_1_323' title='bbox 613 4276 843 4340; x_wconf 85' lang='lat' dir='ltr'><strong>ibidem</strong></span> <span class='ocrx_word' id='word_1_324' title='bbox 871 4294 955 4343; x_wconf 87' lang='lat' dir='ltr'><strong>to.</strong></span> <span class='ocrx_word' id='word_1_325' title='bbox 983 4290 1025 4350; x_wconf 80' lang='lat'>2</span> <span class='ocrx_word' id='word_1_326' title='bbox 1050 4290 1163 4347; x_wconf 88' lang='lat' dir='ltr'><strong>col.</strong></span> <span class='ocrx_word' id='word_1_327' title='bbox 1199 4291 1320 4357; x_wconf 85' lang='lat'><strong>759</strong></span> <span class='ocrx_word' id='word_1_328' title='bbox 1360 4293 1651 4373; x_wconf 78' lang='lat' dir='ltr'><strong>prodiisse</strong></span> <span class='ocrx_word' id='word_1_329' title='bbox 1694 4317 1774 4357; x_wconf 87' lang='lat' dir='ltr'><strong>ex</strong></span> <span class='ocrx_word' id='word_1_330' title='bbox 1800 4297 2066 4360; x_wconf 82' lang='lat' dir='ltr'><strong>Budensi</strong></span> <span class='ocrx_word' id='word_1_331' title='bbox 2094 4298 2474 4373; x_wconf 82' lang='lat' dir='ltr'><strong>bibliotheca,</strong></span> 
     </span>
     <span class='ocr_line' id='line_1_37' title="bbox 288 4382 2474 4476; baseline 0.012 -41"><span class='ocrx_word' id='word_1_332' title='bbox 288 4382 555 4437; x_wconf 69' lang='lat' dir='ltr'><strong>testatus</strong></span> <span class='ocrx_word' id='word_1_333' title='bbox 576 4391 668 4442; x_wconf 80' lang='lat' dir='ltr'><strong>est</strong></span> <span class='ocrx_word' id='word_1_334' title='bbox 696 4385 803 4465; x_wconf 89' lang='lat' dir='ltr'><strong>qui</strong></span> <span class='ocrx_word' id='word_1_335' title='bbox 829 4386 1003 4447; x_wconf 88' lang='lat' dir='ltr'><strong>illum</strong></span> <span class='ocrx_word' id='word_1_336' title='bbox 1032 4404 1255 4453; x_wconf 85' lang='lat' dir='ltr'><strong>emerat</strong></span> <span class='ocrx_word' id='word_1_337' title='bbox 1288 4396 1480 4474; x_wconf 80' lang='lat' dir='ltr'><strong>Cpoli.</strong></span> <span class='ocrx_word' id='word_1_338' title='bbox 1564 4402 1688 4460; x_wconf 84' lang='lat' dir='ltr'><strong>imo</strong></span> <span class='ocrx_word' id='word_1_339' title='bbox 1714 4403 2094 4463; x_wconf 79' lang='lat' dir='ltr'><strong>Brassicanus</strong></span> <span class='ocrx_word' id='word_1_340' title='bbox 2136 4405 2199 4458; x_wconf 86' lang='lat' dir='ltr'><strong>in</strong></span> <span class='ocrx_word' id='word_1_341' title='bbox 2235 4399 2474 4476; x_wconf 76' lang='lat' dir='ltr'><strong>praefa-</strong></span> 
     </span>
    </p>
   </div>
  </div>
 </body>
</html>
