<?xml version="1.0" encoding="UTF-8"?>
<!DOCTYPE html PUBLIC "-//W3C//DTD XHTML 1.0 Transitional//EN"
    "http://www.w3.org/TR/xhtml1/DTD/xhtml1-transitional.dtd">
<html xmlns="http://www.w3.org/1999/xhtml" xml:lang="en" lang="en">
 <head>
  <title>
</title>
<meta http-equiv="Content-Type" content="text/html;charset=utf-8" />
  <meta name='ocr-system' content='tesseract 3.04.00' />
  <meta name='ocr-capabilities' content='ocr_page ocr_carea ocr_par ocr_line ocrx_word'/>
</head>
<body>
  <div class='ocr_page' id='page_1' title='image "./carminumpanegyr00niebgoog_0208.png"; bbox 0 0 3210 5200; ppageno 0'>
   <div class='ocr_carea' id='block_1_1' title="bbox 698 373 1949 461">
    <p class='ocr_par' dir='ltr' id='par_1_1' title="bbox 698 373 1949 461">
     <span class='ocr_line' id='line_1_1' title="bbox 698 373 1949 461; baseline -0.004 -2"><span class='ocrx_word' id='word_1_1' title='bbox 698 390 847 461; x_wconf 84' lang='lat'><strong>130</strong></span> <span class='ocrx_word' id='word_1_2' title='bbox 1332 420 1342 430; x_wconf 92' lang='lat'><strong>·</strong></span> <span class='ocrx_word' id='word_1_3' title='bbox 1618 373 1949 456; x_wconf 70' lang='lat' dir='ltr'><strong>compr!</strong></span> 
     </span>
    </p>
   </div>
   <div class='ocr_carea' id='block_1_2' title="bbox 722 535 2626 4084">
    <p class='ocr_par' dir='ltr' id='par_1_2' title="bbox 865 535 2306 632">
     <span class='ocr_line' id='line_1_2' title="bbox 865 535 2306 632; baseline -0.001 -20"><span class='ocrx_word' id='word_1_4' title='bbox 865 556 1092 612; x_wconf 87' lang='lat' dir='ltr'><strong>alterna</strong></span> <span class='ocrx_word' id='word_1_5' title='bbox 1125 549 1200 609; x_wconf 87' lang='lat' dir='ltr'><strong>de</strong></span> <span class='ocrx_word' id='word_1_6' title='bbox 1235 561 1401 631; x_wconf 87' lang='lat' dir='ltr'><strong>parte</strong></span> <span class='ocrx_word' id='word_1_7' title='bbox 1429 551 1621 627; x_wconf 86' lang='lat' dir='ltr'><strong>ciens,</strong></span> <span class='ocrx_word' id='word_1_8' title='bbox 1680 571 1835 632; x_wconf 87' lang='lat' dir='ltr'><strong>quae</strong></span> <span class='ocrx_word' id='word_1_9' title='bbox 1862 561 2060 610; x_wconf 86' lang='lat' dir='ltr'><strong>nostra</strong></span> <span class='ocrx_word' id='word_1_10' title='bbox 2086 535 2306 612; x_wconf 75' lang='lat' dir='ltr'><strong>fideles¹</strong></span> 
     </span>
    </p>

    <p class='ocr_par' dir='ltr' id='par_1_3' title="bbox 739 649 2578 1139">
     <span class='ocr_line' id='line_1_3' title="bbox 739 649 2578 733; baseline -0.001 -20"><span class='ocrx_word' id='word_1_11' title='bbox 739 656 823 721; x_wconf 83' lang='lat'><strong>65</strong></span> <span class='ocrx_word' id='word_1_12' title='bbox 866 655 1108 713; x_wconf 80' lang='lat' dir='ltr'><strong>foedera</strong></span> <span class='ocrx_word' id='word_1_13' title='bbox 1135 672 1370 731; x_wconf 86' lang='lat' dir='ltr'><strong>semper</strong></span> <span class='ocrx_word' id='word_1_14' title='bbox 1399 649 1642 711; x_wconf 85' lang='lat' dir='ltr'><strong>habeut.</strong></span> <span class='ocrx_word' id='word_1_15' title='bbox 1727 651 1837 711; x_wconf 81' lang='lat' dir='ltr'><strong>has</strong></span> <span class='ocrx_word' id='word_1_16' title='bbox 1869 656 2048 712; x_wconf 86' lang='lat' dir='ltr'><strong>motis</strong></span> <span class='ocrx_word' id='word_1_17' title='bbox 2080 655 2352 733; x_wconf 79' lang='lat' dir='ltr'><strong>praecipe</strong></span> <span class='ocrx_word' id='word_1_18' title='bbox 2377 654 2578 712; x_wconf 83' lang='lat' dir='ltr'><strong>cannis</strong></span> 
     </span>
     <span class='ocr_line' id='line_1_4' title="bbox 863 755 2259 835; baseline -0.001 -20"><span class='ocrx_word' id='word_1_19' title='bbox 863 770 920 815; x_wconf 91' lang='lat' dir='ltr'><strong>et</strong></span> <span class='ocrx_word' id='word_1_20' title='bbox 951 759 1136 835; x_wconf 85' lang='lat' dir='ltr'><strong>signis</strong></span> <span class='ocrx_word' id='word_1_21' title='bbox 1162 775 1226 813; x_wconf 83' lang='lat' dir='ltr'><strong>se</strong></span> <span class='ocrx_word' id='word_1_22' title='bbox 1255 755 1481 832; x_wconf 85' lang='lat' dir='ltr'><strong>aperire</strong></span> <span class='ocrx_word' id='word_1_23' title='bbox 1509 756 1654 812; x_wconf 88' lang='lat' dir='ltr'><strong>suis.</strong></span> <span class='ocrx_word' id='word_1_24' title='bbox 1739 757 2037 814; x_wconf 84' lang='lat' dir='ltr'><strong>exercitus</strong></span> <span class='ocrx_word' id='word_1_25' title='bbox 2064 756 2259 814; x_wconf 79' lang='lat' dir='ltr'><strong>omnis</strong></span> 
     </span>
     <span class='ocr_line' id='line_1_5' title="bbox 865 855 2215 937; baseline -0.002 -20"><span class='ocrx_word' id='word_1_26' title='bbox 865 861 1220 917; x_wconf 81' lang='lat' dir='ltr'><strong>conveniens</strong></span> <span class='ocrx_word' id='word_1_27' title='bbox 1246 856 1333 912; x_wconf 84' lang='lat' dir='ltr'><strong>sic</strong></span> <span class='ocrx_word' id='word_1_28' title='bbox 1353 865 1515 913; x_wconf 89' lang='lat' dir='ltr'><strong>tutus</strong></span> <span class='ocrx_word' id='word_1_29' title='bbox 1539 855 1681 929; x_wconf 85' lang='lat' dir='ltr'><strong>erit,</strong></span> <span class='ocrx_word' id='word_1_30' title='bbox 1722 857 1957 914; x_wconf 80' lang='lat' dir='ltr'><strong>venalia</strong></span> <span class='ocrx_word' id='word_1_31' title='bbox 1992 860 2215 937; x_wconf 85' lang='lat' dir='ltr'><strong>quippe</strong></span> 
     </span>
     <span class='ocr_line' id='line_1_6' title="bbox 864 956 2359 1037; baseline -0.001 -20"><span class='ocrx_word' id='word_1_32' title='bbox 864 961 1170 1017; x_wconf 81' lang='lat' dir='ltr'><strong>inveniens</strong></span> <span class='ocrx_word' id='word_1_33' title='bbox 1204 975 1592 1037; x_wconf 86' lang='lat' dir='ltr'><strong>quaecunque</strong></span> <span class='ocrx_word' id='word_1_34' title='bbox 1618 956 1813 1014; x_wconf 76' lang='lat' dir='ltr'><strong>volet:</strong></span> <span class='ocrx_word' id='word_1_35' title='bbox 1854 961 2131 1037; x_wconf 79' lang='lat' dir='ltr'><strong>pecuaria</strong></span> <span class='ocrx_word' id='word_1_36' title='bbox 2154 976 2359 1018; x_wconf 85' lang='lat' dir='ltr'><strong>secum</strong></span> 
     </span>
     <span class='ocr_line' id='line_1_7' title="bbox 865 1055 2488 1139; baseline -0.002 -20"><span class='ocrx_word' id='word_1_37' title='bbox 865 1063 1053 1119; x_wconf 87' lang='lat' dir='ltr'><strong>multa</strong></span> <span class='ocrx_word' id='word_1_38' title='bbox 1081 1055 1323 1118; x_wconf 85' lang='lat' dir='ltr'><strong>trahunt</strong></span> <span class='ocrx_word' id='word_1_39' title='bbox 1352 1068 1578 1135; x_wconf 85' lang='lat' dir='ltr'><strong>gentes.</strong></span> <span class='ocrx_word' id='word_1_40' title='bbox 1662 1058 2012 1130; x_wconf 62' lang='lat' dir='ltr'><strong>venient„ad</strong></span> <span class='ocrx_word' id='word_1_41' title='bbox 2036 1061 2210 1118; x_wconf 86' lang='lat' dir='ltr'><strong>litora</strong></span> <span class='ocrx_word' id='word_1_42' title='bbox 2235 1079 2488 1139; x_wconf 51' lang='lat' dir='ltr'><strong>puppes„</strong></span> 
     </span>
    </p>

    <p class='ocr_par' dir='ltr' id='par_1_4' title="bbox 737 1156 2626 1445">
     <span class='ocr_line' id='line_1_8' title="bbox 737 1156 2626 1242; baseline -0.002 -20"><span class='ocrx_word' id='word_1_43' title='bbox 737 1169 822 1229; x_wconf 84' lang='lat'><strong>70</strong></span> <span class='ocrx_word' id='word_1_44' title='bbox 862 1175 927 1221; x_wconf 85' lang='lat' dir='ltr'><strong>et</strong></span> <span class='ocrx_word' id='word_1_45' title='bbox 947 1164 1220 1222; x_wconf 84' lang='lat' dir='ltr'><strong>Cererem</strong></span> <span class='ocrx_word' id='word_1_46' title='bbox 1244 1156 1663 1241; x_wconf 79' lang='lat' dir='ltr'><strong>Bacchumque</strong></span> <span class='ocrx_word' id='word_1_47' title='bbox 1686 1162 1911 1220; x_wconf 81' lang='lat' dir='ltr'><strong>ferent:</strong></span> <span class='ocrx_word' id='word_1_48' title='bbox 1951 1163 2074 1219; x_wconf 86' lang='lat' dir='ltr'><strong>iam</strong></span> <span class='ocrx_word' id='word_1_49' title='bbox 2100 1171 2338 1242; x_wconf 87' lang='lat' dir='ltr'><strong>tempus</strong></span> <span class='ocrx_word' id='word_1_50' title='bbox 2363 1173 2626 1240; x_wconf 81' lang='lat' dir='ltr'><strong>opertum</strong></span> 
     </span>
     <span class='ocr_line' id='line_1_9' title="bbox 862 1260 2503 1345; baseline 0 -22"><span class='ocrx_word' id='word_1_51' title='bbox 862 1283 1085 1345; x_wconf 85' lang='lat' dir='ltr'><strong>aequor</strong></span> <span class='ocrx_word' id='word_1_52' title='bbox 1110 1260 1308 1320; x_wconf 83' lang='lat' dir='ltr'><strong>habet.</strong></span> <span class='ocrx_word' id='word_1_53' title='bbox 1395 1278 1639 1342; x_wconf 87' lang='lat' dir='ltr'><strong>quassas</strong></span> <span class='ocrx_word' id='word_1_54' title='bbox 1667 1264 2021 1343; x_wconf 85' lang='lat' dir='ltr'><strong>reparabunt</strong></span> <span class='ocrx_word' id='word_1_55' title='bbox 2048 1265 2288 1341; x_wconf 82' lang='lat' dir='ltr'><strong>agmina</strong></span> <span class='ocrx_word' id='word_1_56' title='bbox 2315 1267 2503 1340; x_wconf 80' lang='lat' dir='ltr'><strong>vires,</strong></span> 
     </span>
     <span class='ocr_line' id='line_1_10' title="bbox 859 1358 2388 1445; baseline -0.001 -21"><span class='ocrx_word' id='word_1_57' title='bbox 859 1367 1196 1445; x_wconf 88' lang='lat' dir='ltr'><strong>oblitaeque</strong></span> <span class='ocrx_word' id='word_1_58' title='bbox 1226 1374 1420 1421; x_wconf 83' lang='lat' dir='ltr'><strong>metus</strong></span> <span class='ocrx_word' id='word_1_59' title='bbox 1448 1365 1812 1423; x_wconf 83' lang='lat' dir='ltr'><strong>renovabunt</strong></span> <span class='ocrx_word' id='word_1_60' title='bbox 1837 1365 2063 1445; x_wconf 84' lang='lat' dir='ltr'><strong>proelia</strong></span> <span class='ocrx_word' id='word_1_61' title='bbox 2085 1358 2388 1423; x_wconf 84' lang='lat' dir='ltr'><strong>turmae.”</strong></span> 
     </span>
    </p>

    <p class='ocr_par' dir='ltr' id='par_1_5' title="bbox 859 1446 2390 1651">
     <span class='ocr_line' id='line_1_11' title="bbox 942 1446 2340 1546; baseline -0.002 -20"><span class='ocrx_word' id='word_1_62' title='bbox 942 1458 1561 1543; x_wconf 57' lang='lat' dir='ltr'><strong>Consilium&#39;placuiu</strong></span> <span class='ocrx_word' id='word_1_63' title='bbox 1608 1446 1830 1546; x_wconf 77' lang='lat' dir='ltr'><strong>fidique</strong></span> <span class='ocrx_word' id='word_1_64' title='bbox 1857 1468 2139 1545; x_wconf 86' lang='lat' dir='ltr'><strong>magister</strong></span> <span class='ocrx_word' id='word_1_65' title='bbox 2166 1467 2340 1524; x_wconf 85' lang='lat' dir='ltr'><strong>amici</strong></span> 
     </span>
     <span class='ocr_line' id='line_1_12' title="bbox 859 1566 2390 1651; baseline -0.001 -23"><span class='ocrx_word' id='word_1_66' title='bbox 859 1572 1084 1651; x_wconf 86' lang='lat' dir='ltr'><strong>optima</strong></span> <span class='ocrx_word' id='word_1_67' title='bbox 1111 1566 1267 1625; x_wconf 84' lang='lat' dir='ltr'><strong>dicta</strong></span> <span class='ocrx_word' id='word_1_68' title='bbox 1294 1577 1501 1625; x_wconf 85' lang='lat' dir='ltr'><strong>tenens</strong></span> <span class='ocrx_word' id='word_1_69' title='bbox 1530 1567 1752 1625; x_wconf 76' lang='lat' dir='ltr'><strong>celeres</strong></span> <span class='ocrx_word' id='word_1_70' title='bbox 1777 1566 2055 1626; x_wconf 85' lang='lat' dir='ltr'><strong>mandata</strong></span> <span class='ocrx_word' id='word_1_71' title='bbox 2091 1570 2390 1626; x_wconf 79' lang='lat' dir='ltr'><strong>ministros</strong></span> 
     </span>
    </p>

    <p class='ocr_par' dir='ltr' id='par_1_6' title="bbox 738 1668 2445 1953">
     <span class='ocr_line' id='line_1_13' title="bbox 738 1668 2348 1751; baseline -0.001 -23"><span class='ocrx_word' id='word_1_72' title='bbox 738 1674 824 1738; x_wconf 82' lang='grc'><strong>75</strong></span> <span class='ocrx_word' id='word_1_73' title='bbox 864 1672 1017 1728; x_wconf 79' lang='lat' dir='ltr'><strong>serre</strong></span> <span class='ocrx_word' id='word_1_74' title='bbox 1044 1670 1208 1727; x_wconf 89' lang='lat' dir='ltr'><strong>iubet</strong></span> <span class='ocrx_word' id='word_1_75' title='bbox 1234 1669 1476 1726; x_wconf 86' lang='lat' dir='ltr'><strong>cunctis.</strong></span> <span class='ocrx_word' id='word_1_76' title='bbox 1561 1671 1801 1747; x_wconf 85' lang='lat' dir='ltr'><strong>sonipes</strong></span> <span class='ocrx_word' id='word_1_77' title='bbox 1826 1668 2099 1728; x_wconf 76' lang='lat' dir='ltr'><strong>discurrit</strong></span> <span class='ocrx_word' id='word_1_78' title='bbox 2126 1671 2348 1751; x_wconf 87' lang='lat' dir='ltr'><strong>ubique</strong></span> 
     </span>
     <span class='ocr_line' id='line_1_14' title="bbox 862 1770 2369 1852; baseline -0.001 -23"><span class='ocrx_word' id='word_1_79' title='bbox 862 1770 1118 1830; x_wconf 87' lang='lat' dir='ltr'><strong>ductoris</strong></span> <span class='ocrx_word' id='word_1_80' title='bbox 1141 1780 1452 1849; x_wconf 88' lang='lat' dir='ltr'><strong>praecepta</strong></span> <span class='ocrx_word' id='word_1_81' title='bbox 1481 1770 1679 1827; x_wconf 81' lang='lat' dir='ltr'><strong>ferens</strong></span> <span class='ocrx_word' id='word_1_82' title='bbox 1696 1813 1714 1844; x_wconf 92' lang='lat'>‚</span> <span class='ocrx_word' id='word_1_83' title='bbox 1755 1781 2082 1851; x_wconf 76' lang='lat' dir='ltr'><strong>gentesque</strong></span> <span class='ocrx_word' id='word_1_84' title='bbox 2110 1791 2369 1852; x_wconf 88' lang='lat' dir='ltr'><strong>suosque</strong></span> 
     </span>
     <span class='ocr_line' id='line_1_15' title="bbox 862 1872 2445 1953; baseline -0.001 -22"><span class='ocrx_word' id='word_1_85' title='bbox 862 1872 1314 1953; x_wconf 78' lang='lat' dir='ltr'><strong>praecipitanter</strong></span> <span class='ocrx_word' id='word_1_86' title='bbox 1339 1879 1542 1946; x_wconf 86' lang='lat' dir='ltr'><strong>agunt.</strong></span> <span class='ocrx_word' id='word_1_87' title='bbox 1627 1872 1831 1929; x_wconf 89' lang='lat' dir='ltr'><strong>nullus</strong></span> <span class='ocrx_word' id='word_1_88' title='bbox 1853 1891 1964 1950; x_wconf 91' lang='lat' dir='ltr'><strong>per</strong></span> <span class='ocrx_word' id='word_1_89' title='bbox 1990 1872 2147 1930; x_wconf 83' lang='lat' dir='ltr'><strong>bella</strong></span> <span class='ocrx_word' id='word_1_90' title='bbox 2177 1873 2445 1951; x_wconf 79' lang='lat' dir='ltr'><strong>repulsus</strong></span> 
     </span>
    </p>

    <p class='ocr_par' dir='ltr' id='par_1_7' title="bbox 772 1954 2318 2155">
     <span class='ocr_line' id='line_1_16' title="bbox 772 1954 2318 2063; baseline -0.001 -32"><span class='ocrx_word' id='word_1_91' title='bbox 772 2052 779 2063; x_wconf 20' lang='grc' dir='ltr'>ἱ</span> <span class='ocrx_word' id='word_1_92' title='bbox 859 1977 945 2032; x_wconf 88' lang='lat' dir='ltr'><strong>sic</strong></span> <span class='ocrx_word' id='word_1_93' title='bbox 970 1974 1163 2052; x_wconf 86' lang='lat' dir='ltr'><strong>potuit</strong></span> <span class='ocrx_word' id='word_1_94' title='bbox 1192 1990 1472 2028; x_wconf 74' lang='lat' dir='ltr'><strong>renovare</strong></span> <span class='ocrx_word' id='word_1_95' title='bbox 1499 1972 1659 2029; x_wconf 89' lang='lat' dir='ltr'><strong>celer</strong></span> <span class='ocrx_word' id='word_1_96' title='bbox 1680 1954 1808 2030; x_wconf 80' lang='lat' dir='ltr'><strong>fera</strong></span> <span class='ocrx_word' id='word_1_97' title='bbox 1830 1973 2054 2053; x_wconf 86' lang='lat' dir='ltr'><strong>proelia</strong></span> <span class='ocrx_word' id='word_1_98' title='bbox 2079 1971 2318 2046; x_wconf 82' lang='lat' dir='ltr'><strong>ductor,</strong></span> 
     </span>
     <span class='ocr_line' id='line_1_17' title="bbox 861 2072 2298 2155; baseline 0 -22"><span class='ocrx_word' id='word_1_99' title='bbox 861 2076 1048 2155; x_wconf 80' lang='lat' dir='ltr'><strong>quivit</strong></span> <span class='ocrx_word' id='word_1_100' title='bbox 1076 2082 1142 2130; x_wconf 89' lang='lat' dir='ltr'><strong>ut</strong></span> <span class='ocrx_word' id='word_1_101' title='bbox 1176 2074 1448 2150; x_wconf 82' lang='lat' dir='ltr'><strong>egregius</strong></span> <span class='ocrx_word' id='word_1_102' title='bbox 1472 2074 1745 2151; x_wconf 78' lang='lat' dir='ltr'><strong>vigilanti</strong></span> <span class='ocrx_word' id='word_1_103' title='bbox 1770 2073 1943 2133; x_wconf 85' lang='lat' dir='ltr'><strong>corde</strong></span> <span class='ocrx_word' id='word_1_104' title='bbox 1981 2072 2298 2133; x_wconf 87' lang='lat' dir='ltr'><strong>Iohannes.</strong></span> 
     </span>
    </p>

    <p class='ocr_par' dir='ltr' id='par_1_8' title="bbox 732 2173 2315 2661">
     <span class='ocr_line' id='line_1_18' title="bbox 732 2173 2205 2252; baseline 0 -19"><span class='ocrx_word' id='word_1_105' title='bbox 732 2181 817 2241; x_wconf 85' lang='lat'><strong>80</strong></span> <span class='ocrx_word' id='word_1_106' title='bbox 858 2196 977 2234; x_wconf 89' lang='lat' dir='ltr'><strong>non</strong></span> <span class='ocrx_word' id='word_1_107' title='bbox 1010 2175 1184 2231; x_wconf 83' lang='lat' dir='ltr'><strong>illum</strong></span> <span class='ocrx_word' id='word_1_108' title='bbox 1209 2173 1444 2230; x_wconf 77' lang='lat' dir='ltr'><strong>fortuna</strong></span> <span class='ocrx_word' id='word_1_109' title='bbox 1467 2176 1630 2252; x_wconf 88' lang='lat' dir='ltr'><strong>prior</strong></span> <span class='ocrx_word' id='word_1_110' title='bbox 1657 2179 1921 2234; x_wconf 79' lang='lat' dir='ltr'><strong>Mavorte</strong></span> <span class='ocrx_word' id='word_1_111' title='bbox 1946 2173 2205 2234; x_wconf 84' lang='lat' dir='ltr'><strong>secundo</strong></span> 
     </span>
     <span class='ocr_line' id='line_1_19' title="bbox 857 2277 2275 2355; baseline -0.001 -20"><span class='ocrx_word' id='word_1_112' title='bbox 857 2278 1126 2335; x_wconf 84' lang='lat' dir='ltr'><strong>inflatum</strong></span> <span class='ocrx_word' id='word_1_113' title='bbox 1159 2277 1389 2351; x_wconf 79' lang='lat' dir='ltr'><strong>evexit,</strong></span> <span class='ocrx_word' id='word_1_114' title='bbox 1432 2297 1543 2334; x_wconf 84' lang='lat' dir='ltr'><strong>nec</strong></span> <span class='ocrx_word' id='word_1_115' title='bbox 1574 2288 1718 2337; x_wconf 85' lang='lat' dir='ltr'><strong>tunc</strong></span> <span class='ocrx_word' id='word_1_116' title='bbox 1748 2280 2036 2337; x_wconf 89' lang='lat' dir='ltr'><strong>contraria</strong></span> <span class='ocrx_word' id='word_1_117' title='bbox 2067 2278 2275 2355; x_wconf 85' lang='lat' dir='ltr'><strong>fregit,</strong></span> 
     </span>
     <span class='ocr_line' id='line_1_20' title="bbox 856 2376 2315 2457; baseline -0.001 -19"><span class='ocrx_word' id='word_1_118' title='bbox 856 2383 1172 2438; x_wconf 86' lang='lat' dir='ltr'><strong>immotum</strong></span> <span class='ocrx_word' id='word_1_119' title='bbox 1198 2378 1414 2434; x_wconf 79' lang='lat' dir='ltr'><strong>virtute</strong></span> <span class='ocrx_word' id='word_1_120' title='bbox 1444 2397 1573 2437; x_wconf 86' lang='lat' dir='ltr'><strong>sua.</strong></span> <span class='ocrx_word' id='word_1_121' title='bbox 1655 2380 1777 2438; x_wconf 85' lang='lat' dir='ltr'><strong>iam</strong></span> <span class='ocrx_word' id='word_1_122' title='bbox 1809 2376 2035 2439; x_wconf 88' lang='lat' dir='ltr'><strong>roscida</strong></span> <span class='ocrx_word' id='word_1_123' title='bbox 2069 2397 2315 2457; x_wconf 84' lang='lat' dir='ltr'><strong>surgens</strong></span> 
     </span>
     <span class='ocr_line' id='line_1_21' title="bbox 853 2476 2228 2557; baseline -0.001 -16"><span class='ocrx_word' id='word_1_124' title='bbox 853 2484 1085 2541; x_wconf 84' lang='lat' dir='ltr'><strong>Oceano</strong></span> <span class='ocrx_word' id='word_1_125' title='bbox 1110 2476 1338 2557; x_wconf 84' lang='lat' dir='ltr'><strong>gelidas</strong></span> <span class='ocrx_word' id='word_1_126' title='bbox 1362 2481 1588 2538; x_wconf 88' lang='lat' dir='ltr'><strong>Aurora</strong></span> <span class='ocrx_word' id='word_1_127' title='bbox 1613 2492 1940 2540; x_wconf 77' lang='lat' dir='ltr'><strong>removerat</strong></span> <span class='ocrx_word' id='word_1_128' title='bbox 1967 2481 2228 2539; x_wconf 85' lang='lat' dir='ltr'><strong>umbras.</strong></span> 
     </span>
     <span class='ocr_line' id='line_1_22' title="bbox 856 2578 2303 2661; baseline 0 -21"><span class='ocrx_word' id='word_1_129' title='bbox 856 2580 1062 2641; x_wconf 88' lang='lat' dir='ltr'><strong>ductor</strong></span> <span class='ocrx_word' id='word_1_130' title='bbox 1086 2591 1154 2640; x_wconf 90' lang='lat' dir='ltr'><strong>ut</strong></span> <span class='ocrx_word' id='word_1_131' title='bbox 1184 2582 1484 2641; x_wconf 86' lang='lat' dir='ltr'><strong>albentem</strong></span> <span class='ocrx_word' id='word_1_132' title='bbox 1515 2578 1666 2641; x_wconf 82' lang='lat' dir='ltr'><strong>vidit</strong></span> <span class='ocrx_word' id='word_1_133' title='bbox 1693 2600 2042 2661; x_wconf 75' lang='lat' dir='ltr'><strong>consurgere</strong></span> <span class='ocrx_word' id='word_1_134' title='bbox 2069 2583 2267 2642; x_wconf 89' lang='lat' dir='ltr'><strong>lucem</strong></span> <span class='ocrx_word' id='word_1_135' title='bbox 2284 2624 2303 2657; x_wconf 86' lang='lat'>‚</span> 
     </span>
    </p>

    <p class='ocr_par' dir='ltr' id='par_1_9' title="bbox 727 2685 2485 3167">
     <span class='ocr_line' id='line_1_23' title="bbox 727 2685 2485 2765; baseline -0.001 -23"><span class='ocrx_word' id='word_1_136' title='bbox 727 2687 808 2751; x_wconf 84' lang='lat'><strong>85</strong></span> <span class='ocrx_word' id='word_1_137' title='bbox 852 2687 996 2742; x_wconf 74' lang='lat' dir='ltr'><strong>lavit</strong></span> <span class='ocrx_word' id='word_1_138' title='bbox 1019 2685 1191 2763; x_wconf 90' lang='lat' dir='ltr'><strong>aquis</strong></span> <span class='ocrx_word' id='word_1_139' title='bbox 1217 2687 1603 2764; x_wconf 83' lang='lat' dir='ltr'><strong>geminasque</strong></span> <span class='ocrx_word' id='word_1_140' title='bbox 1632 2703 1844 2743; x_wconf 87' lang='lat' dir='ltr'><strong>manus</strong></span> <span class='ocrx_word' id='word_1_141' title='bbox 1875 2686 2190 2765; x_wconf 79' lang='lat' dir='ltr'><strong>vultusque</strong></span> <span class='ocrx_word' id='word_1_142' title='bbox 2214 2688 2485 2763; x_wconf 77' lang='lat' dir='ltr'><strong>gerentes</strong></span> 
     </span>
     <span class='ocr_line' id='line_1_24' title="bbox 850 2782 2257 2866; baseline 0.001 -23"><span class='ocrx_word' id='word_1_143' title='bbox 850 2788 1093 2864; x_wconf 82' lang='lat' dir='ltr'><strong>pulvere</strong></span> <span class='ocrx_word' id='word_1_144' title='bbox 1125 2795 1423 2843; x_wconf 87' lang='lat' dir='ltr'><strong>concretos</strong></span> <span class='ocrx_word' id='word_1_145' title='bbox 1453 2782 1727 2842; x_wconf 81' lang='lat' dir='ltr'><strong>hesterno</strong></span> <span class='ocrx_word' id='word_1_146' title='bbox 1758 2787 1945 2843; x_wconf 86' lang='lat' dir='ltr'><strong>Marte</strong></span> <span class='ocrx_word' id='word_1_147' title='bbox 1977 2788 2257 2866; x_wconf 82' lang='lat' dir='ltr'><strong>capillos3</strong></span> 
     </span>
     <span class='ocr_line' id='line_1_25' title="bbox 849 2882 2274 2966; baseline 0 -22"><span class='ocrx_word' id='word_1_148' title='bbox 849 2888 1155 2965; x_wconf 70' lang='lat' dir='ltr'><strong>oravitque</strong></span> <span class='ocrx_word' id='word_1_149' title='bbox 1179 2886 1375 2944; x_wconf 84' lang='lat' dir='ltr'><strong>ferens</strong></span> <span class='ocrx_word' id='word_1_150' title='bbox 1404 2886 1620 2964; x_wconf 86' lang='lat' dir='ltr'><strong>palmis</strong></span> <span class='ocrx_word' id='word_1_151' title='bbox 1647 2882 1797 2943; x_wconf 88' lang='lat' dir='ltr'><strong>haec</strong></span> <span class='ocrx_word' id='word_1_152' title='bbox 1819 2887 1997 2944; x_wconf 79' lang='lat' dir='ltr'><strong>verba</strong></span> <span class='ocrx_word' id='word_1_153' title='bbox 2024 2889 2274 2966; x_wconf 86' lang='lat' dir='ltr'><strong>supinis.</strong></span> 
     </span>
     <span class='ocr_line' id='line_1_26' title="bbox 843 2980 2345 3067; baseline 0.002 -24"><span class='ocrx_word' id='word_1_154' title='bbox 843 2980 1271 3063; x_wconf 78' lang='lat' dir='ltr'><strong>“onnnipotens</strong></span> <span class='ocrx_word' id='word_1_155' title='bbox 1299 2988 1565 3064; x_wconf 88' lang='lat' dir='ltr'><strong>genitor,</strong></span> <span class='ocrx_word' id='word_1_156' title='bbox 1608 2989 1794 3044; x_wconf 77' lang='lat' dir='ltr'><strong>virtus</strong></span> <span class='ocrx_word' id='word_1_157' title='bbox 1821 2998 1880 3044; x_wconf 88' lang='lat' dir='ltr'><strong>et</strong></span> <span class='ocrx_word' id='word_1_158' title='bbox 1907 2988 2094 3067; x_wconf 87' lang='lat' dir='ltr'><strong>gloria</strong></span> <span class='ocrx_word' id='word_1_159' title='bbox 2118 3007 2345 3062; x_wconf 87' lang='lat' dir='ltr'><strong>rerum,</strong></span> 
     </span>
     <span class='ocr_line' id='line_1_27' title="bbox 848 3085 2396 3167; baseline 0.002 -21"><span class='ocrx_word' id='word_1_160' title='bbox 848 3099 1007 3145; x_wconf 89' lang='lat' dir='ltr'><strong>certa</strong></span> <span class='ocrx_word' id='word_1_161' title='bbox 1031 3087 1191 3145; x_wconf 84' lang='lat' dir='ltr'><strong>salus</strong></span> <span class='ocrx_word' id='word_1_162' title='bbox 1221 3085 1550 3166; x_wconf 87' lang='lat' dir='ltr'><strong>mundique</strong></span> <span class='ocrx_word' id='word_1_163' title='bbox 1574 3095 1770 3162; x_wconf 84' lang='lat' dir='ltr'><strong>sator,</strong></span> <span class='ocrx_word' id='word_1_164' title='bbox 1827 3092 1934 3167; x_wconf 86' lang='lat' dir='ltr'><strong>qui</strong></span> <span class='ocrx_word' id='word_1_165' title='bbox 1963 3089 2203 3149; x_wconf 83' lang='lat' dir='ltr'><strong>foedere</strong></span> <span class='ocrx_word' id='word_1_166' title='bbox 2235 3101 2396 3149; x_wconf 88' lang='lat' dir='ltr'><strong>certo</strong></span> 
     </span>
    </p>

    <p class='ocr_par' dir='ltr' id='par_1_10' title="bbox 724 3185 2352 3371">
     <span class='ocr_line' id='line_1_28' title="bbox 724 3185 2352 3272; baseline 0.004 -26"><span class='ocrx_word' id='word_1_167' title='bbox 724 3190 808 3254; x_wconf 86' lang='lat'><strong>90</strong></span> <span class='ocrx_word' id='word_1_168' title='bbox 848 3191 1045 3247; x_wconf 82' lang='lat' dir='ltr'><strong>omnia</strong></span> <span class='ocrx_word' id='word_1_169' title='bbox 1072 3185 1397 3264; x_wconf 68' lang='lat' dir='ltr'><strong>disponens</strong></span> <span class='ocrx_word' id='word_1_170' title='bbox 1417 3188 1714 3268; x_wconf 81' lang='lat' dir='ltr'><strong>vertisque</strong></span> <span class='ocrx_word' id='word_1_171' title='bbox 1742 3192 2013 3272; x_wconf 84' lang='lat' dir='ltr'><strong>regisque</strong></span> <span class='ocrx_word' id='word_1_172' title='bbox 2036 3191 2352 3270; x_wconf 74' lang='lat' dir='ltr'><strong>movendo,</strong></span> 
     </span>
     <span class='ocr_line' id='line_1_29' title="bbox 847 3296 2269 3371; baseline 0.004 -22"><span class='ocrx_word' id='word_1_173' title='bbox 847 3301 1114 3368; x_wconf 85' lang='lat' dir='ltr'><strong>tempora</strong></span> <span class='ocrx_word' id='word_1_174' title='bbox 1146 3299 1478 3368; x_wconf 86' lang='lat' dir='ltr'><strong>permutas,</strong></span> <span class='ocrx_word' id='word_1_175' title='bbox 1520 3310 1633 3348; x_wconf 90' lang='lat' dir='ltr'><strong>nec</strong></span> <span class='ocrx_word' id='word_1_176' title='bbox 1659 3301 1725 3349; x_wconf 90' lang='lat' dir='ltr'><strong>tu</strong></span> <span class='ocrx_word' id='word_1_177' title='bbox 1749 3296 1996 3353; x_wconf 85' lang='lat' dir='ltr'><strong>mutaris</strong></span> <span class='ocrx_word' id='word_1_178' title='bbox 2024 3296 2087 3352; x_wconf 87' lang='lat' dir='ltr'><strong>in</strong></span> <span class='ocrx_word' id='word_1_179' title='bbox 2110 3296 2269 3371; x_wconf 76' lang='lat' dir='ltr'><strong>illis3</strong></span> 
     </span>
    </p>

    <p class='ocr_par' dir='ltr' id='par_1_11' title="bbox 802 3392 2463 3674">
     <span class='ocr_line' id='line_1_30' title="bbox 802 3392 2463 3472; baseline 0.004 -25"><span class='ocrx_word' id='word_1_180' title='bbox 802 3421 805 3426; x_wconf 95' lang='lat'>·</span> <span class='ocrx_word' id='word_1_181' title='bbox 847 3402 1123 3472; x_wconf 86' lang='lat' dir='ltr'><strong>quattuor</strong></span> <span class='ocrx_word' id='word_1_182' title='bbox 1155 3392 1503 3469; x_wconf 87' lang='lat' dir='ltr'><strong>explicitum</strong></span> <span class='ocrx_word' id='word_1_183' title='bbox 1536 3394 1782 3452; x_wconf 80' lang='lat' dir='ltr'><strong>volvens</strong></span> <span class='ocrx_word' id='word_1_184' title='bbox 1813 3398 2175 3456; x_wconf 79' lang='lat' dir='ltr'><strong>successibus</strong></span> <span class='ocrx_word' id='word_1_185' title='bbox 2204 3416 2425 3456; x_wconf 85' lang='lat' dir='ltr'><strong>annum</strong></span> <span class='ocrx_word' id='word_1_186' title='bbox 2442 3437 2463 3472; x_wconf 86' lang='lat'>‚</span> 
     </span>
     <span class='ocr_line' id='line_1_31' title="bbox 846 3491 2307 3578; baseline 0.005 -28"><span class='ocrx_word' id='word_1_187' title='bbox 846 3493 1212 3573; x_wconf 80' lang='lat' dir='ltr'><strong>bissenisque</strong></span> <span class='ocrx_word' id='word_1_188' title='bbox 1244 3491 1405 3550; x_wconf 88' lang='lat' dir='ltr'><strong>diem</strong></span> <span class='ocrx_word' id='word_1_189' title='bbox 1430 3493 1711 3555; x_wconf 88' lang='lat' dir='ltr'><strong>claudens</strong></span> <span class='ocrx_word' id='word_1_190' title='bbox 1735 3497 2080 3578; x_wconf 84' lang='lat' dir='ltr'><strong>aequalibus</strong></span> <span class='ocrx_word' id='word_1_191' title='bbox 2113 3495 2307 3573; x_wconf 86' lang='lat' dir='ltr'><strong>horis,</strong></span> 
     </span>
     <span class='ocr_line' id='line_1_32' title="bbox 849 3591 2406 3674; baseline 0.006 -24"><span class='ocrx_word' id='word_1_192' title='bbox 849 3591 1052 3651; x_wconf 86' lang='lat' dir='ltr'><strong>ordine</strong></span> <span class='ocrx_word' id='word_1_193' title='bbox 1082 3604 1289 3651; x_wconf 85' lang='lat' dir='ltr'><strong>cuncta</strong></span> <span class='ocrx_word' id='word_1_194' title='bbox 1313 3614 1531 3670; x_wconf 74' lang='lat' dir='ltr'><strong>novas,</strong></span> <span class='ocrx_word' id='word_1_195' title='bbox 1581 3618 1695 3655; x_wconf 87' lang='lat' dir='ltr'><strong>nec</strong></span> <span class='ocrx_word' id='word_1_196' title='bbox 1725 3609 1792 3656; x_wconf 88' lang='lat' dir='ltr'><strong>tu</strong></span> <span class='ocrx_word' id='word_1_197' title='bbox 1817 3601 2113 3658; x_wconf 75' lang='lat' dir='ltr'><strong>renovaris</strong></span> <span class='ocrx_word' id='word_1_198' title='bbox 2145 3599 2216 3657; x_wconf 86' lang='lat' dir='ltr'><strong>ab</strong></span> <span class='ocrx_word' id='word_1_199' title='bbox 2249 3601 2406 3674; x_wconf 86' lang='lat' dir='ltr'><strong>ullo,</strong></span> 
     </span>
    </p>

    <p class='ocr_par' dir='ltr' id='par_1_12' title="bbox 722 3693 2514 4084">
     <span class='ocr_line' id='line_1_33' title="bbox 722 3693 2501 3779; baseline 0.006 -28"><span class='ocrx_word' id='word_1_200' title='bbox 722 3695 804 3758; x_wconf 84' lang='lat'><strong>95</strong></span> <span class='ocrx_word' id='word_1_201' title='bbox 843 3693 1004 3752; x_wconf 88' lang='lat' dir='ltr'><strong>idem</strong></span> <span class='ocrx_word' id='word_1_202' title='bbox 1032 3707 1233 3755; x_wconf 88' lang='lat' dir='ltr'><strong>auctor</strong></span> <span class='ocrx_word' id='word_1_203' title='bbox 1259 3696 1651 3779; x_wconf 84' lang='lat' dir='ltr'><strong>dominusque</strong></span> <span class='ocrx_word' id='word_1_204' title='bbox 1681 3720 1929 3759; x_wconf 85' lang='lat' dir='ltr'><strong>manens</strong></span> <span class='ocrx_word' id='word_1_205' title='bbox 1948 3712 2007 3760; x_wconf 91' lang='lat' dir='ltr'><strong>et</strong></span> <span class='ocrx_word' id='word_1_206' title='bbox 2031 3700 2299 3759; x_wconf 85' lang='lat' dir='ltr'><strong>conditor</strong></span> <span class='ocrx_word' id='word_1_207' title='bbox 2321 3703 2501 3761; x_wconf 84' lang='lat' dir='ltr'><strong>orbis.</strong></span> 
     </span>
     <span class='ocr_line' id='line_1_34' title="bbox 846 3795 2514 3882; baseline 0.005 -30"><span class='ocrx_word' id='word_1_208' title='bbox 846 3795 1021 3855; x_wconf 77' lang='lat' dir='ltr'><strong>credo</strong></span> <span class='ocrx_word' id='word_1_209' title='bbox 1037 3840 1054 3871; x_wconf 92' lang='lat'>‚</span> <span class='ocrx_word' id='word_1_210' title='bbox 1088 3818 1319 3857; x_wconf 84' lang='lat' dir='ltr'><strong>summe</strong></span> <span class='ocrx_word' id='word_1_211' title='bbox 1344 3811 1542 3879; x_wconf 89' lang='lat' dir='ltr'><strong>pater,</strong></span> <span class='ocrx_word' id='word_1_212' title='bbox 1584 3811 1688 3859; x_wconf 87' lang='lat' dir='ltr'><strong>tua</strong></span> <span class='ocrx_word' id='word_1_213' title='bbox 1711 3804 1787 3859; x_wconf 88' lang='lat' dir='ltr'><strong>sit</strong></span> <span class='ocrx_word' id='word_1_214' title='bbox 1810 3801 1970 3881; x_wconf 89' lang='lat' dir='ltr'><strong>quod</strong></span> <span class='ocrx_word' id='word_1_215' title='bbox 1994 3822 2211 3882; x_wconf 85' lang='lat' dir='ltr'><strong>magna</strong></span> <span class='ocrx_word' id='word_1_216' title='bbox 2237 3814 2514 3882; x_wconf 87' lang='lat' dir='ltr'><strong>potestas,</strong></span> 
     </span>
     <span class='ocr_line' id='line_1_35' title="bbox 848 3897 2374 3982; baseline 0.004 -29"><span class='ocrx_word' id='word_1_217' title='bbox 848 3907 908 3954; x_wconf 93' lang='lat' dir='ltr'><strong>et</strong></span> <span class='ocrx_word' id='word_1_218' title='bbox 934 3897 1141 3960; x_wconf 84' lang='lat' dir='ltr'><strong>fateor.</strong></span> <span class='ocrx_word' id='word_1_219' title='bbox 1225 3904 1473 3960; x_wconf 86' lang='lat' dir='ltr'><strong>miseras</strong></span> <span class='ocrx_word' id='word_1_220' title='bbox 1504 3912 1712 3980; x_wconf 85' lang='lat' dir='ltr'><strong>gentes</strong></span> <span class='ocrx_word' id='word_1_221' title='bbox 1742 3922 1848 3961; x_wconf 87' lang='lat' dir='ltr'><strong>sua</strong></span> <span class='ocrx_word' id='word_1_222' title='bbox 1874 3906 2130 3982; x_wconf 83' lang='lat' dir='ltr'><strong>pessima</strong></span> <span class='ocrx_word' id='word_1_223' title='bbox 2160 3905 2374 3962; x_wconf 81' lang='lat' dir='ltr'><strong>fallant</strong></span> 
     </span>
     <span class='ocr_line' id='line_1_36' title="bbox 845 4002 2417 4084; baseline 0.003 -28"><span class='ocrx_word' id='word_1_224' title='bbox 845 4003 1090 4059; x_wconf 83' lang='lat' dir='ltr'><strong>numina</strong></span> <span class='ocrx_word' id='word_1_225' title='bbox 1115 4021 1268 4084; x_wconf 88' lang='lat' dir='ltr'><strong>quae</strong></span> <span class='ocrx_word' id='word_1_226' title='bbox 1303 4002 1568 4063; x_wconf 87' lang='lat' dir='ltr'><strong>credunt.</strong></span> <span class='ocrx_word' id='word_1_227' title='bbox 1652 4007 1943 4083; x_wconf 84' lang='lat' dir='ltr'><strong>permittis</strong></span> <span class='ocrx_word' id='word_1_228' title='bbox 1976 4025 2152 4084; x_wconf 85' lang='lat' dir='ltr'><strong>saepe</strong></span> <span class='ocrx_word' id='word_1_229' title='bbox 2180 4005 2417 4084; x_wconf 85' lang='lat' dir='ltr'><strong>probari</strong></span> 
     </span>
    </p>
   </div>
   <div class='ocr_carea' id='block_1_3' title="bbox 677 4182 2852 4399">
    <p class='ocr_par' dir='ltr' id='par_1_13' title="bbox 677 4182 2852 4399">
     <span class='ocr_line' id='line_1_37' title="bbox 678 4182 2852 4256; baseline 0.003 -20"><span class='ocrx_word' id='word_1_230' title='bbox 678 4182 747 4236; x_wconf 87' lang='lat'><strong>66</strong></span> <span class='ocrx_word' id='word_1_231' title='bbox 777 4200 835 4237; x_wconf 78' lang='lat' dir='ltr'><strong>se</strong></span> <span class='ocrx_word' id='word_1_232' title='bbox 855 4185 981 4238; x_wconf 72' lang='lat' dir='ltr'><strong>add.</strong></span> <span class='ocrx_word' id='word_1_233' title='bbox 1006 4184 1067 4238; x_wconf 70' lang='grc' dir='ltr'><strong>Μ</strong></span> <span class='ocrx_word' id='word_1_234' title='bbox 1286 4185 1412 4239; x_wconf 67' lang='lat' dir='ltr'><strong><em>ibid.</em></strong></span> <span class='ocrx_word' id='word_1_235' title='bbox 1448 4186 1609 4240; x_wconf 78' lang='lat' dir='ltr'><strong>amuis</strong></span> <span class='ocrx_word' id='word_1_236' title='bbox 1635 4187 1686 4240; x_wconf 81' lang='grc' dir='ltr'><em>Τ</em></span> <span class='ocrx_word' id='word_1_237' title='bbox 1904 4189 1969 4242; x_wconf 83' lang='grc'><strong>81</strong></span> <span class='ocrx_word' id='word_1_238' title='bbox 2006 4187 2178 4241; x_wconf 78' lang='lat' dir='ltr'><strong>exexit</strong></span> <span class='ocrx_word' id='word_1_239' title='bbox 2196 4206 2291 4243; x_wconf 84' lang='lat' dir='ltr'><strong>nec</strong></span> <span class='ocrx_word' id='word_1_240' title='bbox 2311 4194 2432 4243; x_wconf 81' lang='lat' dir='ltr'><strong>tnnc</strong></span> <span class='ocrx_word' id='word_1_241' title='bbox 2459 4190 2529 4256; x_wconf 74' lang='grc' dir='ltr'><strong>Τ,</strong></span> <span class='ocrx_word' id='word_1_242' title='bbox 2565 4188 2728 4243; x_wconf 80' lang='lat' dir='ltr'><strong>erexit</strong></span> <span class='ocrx_word' id='word_1_243' title='bbox 2749 4205 2852 4243; x_wconf 78' lang='lat' dir='ltr'><strong>nec</strong></span> 
     </span>
     <span class='ocr_line' id='line_1_38' title="bbox 679 4252 2852 4322; baseline 0.006 -20"><span class='ocrx_word' id='word_1_244' title='bbox 679 4267 809 4304; x_wconf 70' lang='lat' dir='ltr'><strong>nunc</strong></span> <span class='ocrx_word' id='word_1_245' title='bbox 833 4253 892 4305; x_wconf 74' lang='lat' dir='ltr'><em>M</em></span> <span class='ocrx_word' id='word_1_246' title='bbox 1022 4287 1027 4292; x_wconf 91' lang='lat'>-</span> <span class='ocrx_word' id='word_1_247' title='bbox 1088 4252 1158 4309; x_wconf 82' lang='lat'><strong>83</strong></span> <span class='ocrx_word' id='word_1_248' title='bbox 1188 4253 1383 4308; x_wconf 61' lang='lat' dir='ltr'><strong>occinui</strong></span> <span class='ocrx_word' id='word_1_249' title='bbox 1407 4258 1458 4309; x_wconf 80' lang='lat' dir='ltr'><em>T</em></span> <span class='ocrx_word' id='word_1_250' title='bbox 1653 4258 1792 4322; x_wconf 24' lang='lat' dir='ltr'><strong>thia..</strong></span> <span class='ocrx_word' id='word_1_251' title='bbox 1813 4268 2152 4313; x_wconf 75' lang='lat' dir='ltr'><strong>renouauerat</strong></span> <span class='ocrx_word' id='word_1_252' title='bbox 2175 4260 2225 4313; x_wconf 79' lang='grc' dir='ltr'><strong>Τ</strong></span> <span class='ocrx_word' id='word_1_253' title='bbox 2423 4261 2493 4314; x_wconf 87' lang='grc'><strong>86</strong></span> <span class='ocrx_word' id='word_1_254' title='bbox 2524 4260 2767 4314; x_wconf 67' lang='grc' dir='ltr'><strong>α-ὶιωωυ</strong></span> <span class='ocrx_word' id='word_1_255' title='bbox 2795 4262 2852 4314; x_wconf 77' lang='lat'><strong>‘1&#39;</strong></span> 
     </span>
     <span class='ocr_line' id='line_1_39' title="bbox 677 4320 1970 4399; baseline 0.011 -28"><span class='ocrx_word' id='word_1_256' title='bbox 677 4320 744 4373; x_wconf 81' lang='lat'><strong>97</strong></span> <span class='ocrx_word' id='word_1_257' title='bbox 780 4320 958 4375; x_wconf 69' lang='lat' dir='ltr'><strong>sullana</strong></span> <span class='ocrx_word' id='word_1_258' title='bbox 982 4322 1059 4389; x_wconf 76' lang='lat' dir='ltr'><strong>T,</strong></span> <span class='ocrx_word' id='word_1_259' title='bbox 1092 4322 1275 4377; x_wconf 74' lang='lat' dir='ltr'><strong>fallunt</strong></span> <span class='ocrx_word' id='word_1_260' title='bbox 1298 4324 1360 4377; x_wconf 79' lang='lat' dir='ltr'><strong><em>M</em></strong></span> <span class='ocrx_word' id='word_1_261' title='bbox 1554 4327 1626 4382; x_wconf 83' lang='lat'><strong>98</strong></span> <span class='ocrx_word' id='word_1_262' title='bbox 1659 4325 1881 4399; x_wconf 74' lang='lat' dir='ltr'><strong>probare</strong></span> <span class='ocrx_word' id='word_1_263' title='bbox 1905 4327 1970 4385; x_wconf 72' lang='lat' dir='ltr'><strong>T.</strong></span> 
     </span>
    </p>
   </div>
  </div>
 </body>
</html>
