3210 5200
950 387 1064 457 DE
1112 388 1523 457 LAUDIBUS
1574 386 1910 458 rusum.
2371 390 2515 462 333

338 560 480 637 gula
506 567 707 616 autem
738 567 799 616 et
825 556 1233 614 Diocletianus
1262 556 1441 615 etiam
1472 553 1665 616 edicto
1704 562 2032 615 sanxerunt
2054 563 2122 613 ut
2148 574 2357 615 omnes
2384 558 2515 618 sine

339 644 677 702 discrimine
721 643 958 721 generis
1003 644 1284 720 prostrati
1323 640 1507 720 pedes
1548 643 1664 700 sibi
1705 641 2207 699 exoscularentur.
2293 653 2515 722 quanto

335 728 655 786 humanius
682 729 981 786 Traianus
1000 771 1017 801 ,
1079 729 1183 806 qui
1224 724 1567 785 huiusmodi
1610 727 1726 785 sibi
1758 724 2014 785 honores
2056 723 2273 783 deferri
2307 746 2515 805 passus

335 833 456 871 non
484 823 610 870 est:
671 831 791 869 non
833 822 901 868 m
939 812 1160 869 civium
1195 811 1505 889 amplexus
1550 811 1641 869 ad
1664 811 1850 888 pedes
1890 820 2020 868 tuos
2043 811 2349 888 deprimis,
2410 832 2519 869 nee

337 898 607 956 osculum
635 917 824 953 manu
850 895 1076 965 reddis,
1118 897 1312 976 inquit
1340 894 1413 955 de
1443 916 1513 954 eo
1539 897 1769 955 Plinius
1795 898 2089 974 Panegyr.
2116 895 2220 959 24.
2294 888 2541 976 quanto*

338 985 485 1040 item
521 979 843 1039 humanius
870 983 1081 1038 Petrus
1121 982 1455 1060 apostolus,
1513 983 1609 1039 cui
1640 1001 1774 1039 cum
1812 1000 1877 1039 se
1910 981 2217 1038 Cornelius
2254 984 2515 1040 centurio

337 1067 597 1146 supplex
623 1086 692 1123 ac
721 1063 1174 1124 venerabundus
1206 1064 1284 1123 ad
1309 1054 1494 1145 pedes
1519 1066 1829 1125 abiecisset
1846 1110 1862 1140 ,
1907 1086 2109 1144 surge,
2151 1066 2363 1146 inquit,
2409 1087 2517 1145 ego

339 1171 571 1232 quoque
597 1151 768 1208 homo
790 1172 943 1208 eum.
1030 1152 1163 1207 Act.
1202 1153 1275 1212 10
1307 1154 1410 1213 26.
1453 1153 1640 1210 Bm.
1725 1149 1792 1210 id
1824 1152 2093 1231 obsequii
2120 1169 2309 1228 genus
2332 1154 2515 1209 Iusti-

339 1239 589 1293 nianum
624 1255 692 1293 ac
730 1232 1112 1293 Theodoram
1163 1236 1291 1291 eius
1346 1255 1599 1295 uxorem
1648 1239 1890 1314 exigere
1936 1238 2309 1295 consuevisse
2345 1245 2514 1293 notat

341 1322 661 1399 Procopius
687 1323 840 1377 Hist.
868 1321 1086 1377 Arcan.
1116 1338 1167 1376 c.
1198 1321 1300 1382 29.
1348 1321 1546 1379 Fooo.
1630 1320 1851 1379 divinis
1872 1318 2045 1395 dixit,
2077 1322 2216 1400 quia
2248 1321 2516 1400 alioquin

344 1403 588 1464 deorum
618 1406 826 1464 statuis
850 1407 903 1463 is
930 1401 1121 1463 honos
1155 1401 1505 1464 habebatur.
1588 1405 1984 1463 Prudentius:
2026 1406 2381 1483 Augustum
2410 1425 2517 1462 ea-

336 1500 452 1568 put
491 1500 630 1548 ante
657 1490 843 1567 pedi-s
883 1509 1134 1548 curvare
1165 1490 1481 1547 Minervae
1506 1489 1754 1563 fictilis,
1819 1501 1874 1547 et
1895 1489 2086 1547 soleas
2110 1492 2333 1547 Iunoni
2357 1490 2518 1547 lam-

343 1575 497 1646 bere,
529 1575 764 1652 plantis
793 1573 1078 1632 Herculi-s
1106 1573 1372 1632 advolvi.
1459 1572 1659 1632 idem:
1689 1595 2025 1654 cernuaque
2050 1596 2156 1631 ora
2183 1595 2353 1632 senex
2379 1574 2521 1632 bar*-

340 1658 516 1717 batus
546 1670 606 1716 etr
627 1658 831 1717 oscula
841 1659 994 1737 figit
1019 1657 1294 1717 eruribus
1319 1659 1703 1738 aenipedum,
1752 1662 1807 1717 si
1820 1660 1940 1738 sae
1973 1670 2058 1717 est
2081 1659 2297 1731 dicere,
2340 1680 2522 1740 equo-

339 1765 496 1803 rum.
585 1746 834 1804 Bsnrn.
1513 1792 1517 1796 .

512 1829 654 1893 159.
740 1828 900 1910 apud
925 1831 1177 1891 Graecos
1210 1833 1466 1912 ἶστορεῒν
1496 1841 1584 1892 est
1612 1850 1886 1902 narrare,
1917 1839 1975 1889 et
2003 1828 2313 1888 historiam
2339 1849 2525 1888 voca-

342 1915 429 1974 vit
457 1912 833 1994 Theophilus
860 1911 1050 1990 »πεζὸν
1087 1912 1272 1999 λόγον
1306 1918 1637 1996 pedestrem
1676 1918 2018 1974 emtionem.
2107 1913 2207 1972 adi
2240 1918 2443 1973 Horat.
2477 1920 2519 1979 2

347 2005 444 2073 12,
487 2002 818 2059 Marcilium
843 2001 906 2058 in
935 2014 1251 2061 comment.
1283 2002 1363 2061 ad
1387 2004 1495 2061 lib.
1527 2002 1568 2065 4
1592 2005 1849 2062 Institut.
1875 2001 2177 2080 Imperial.
2209 2003 2301 2058 tit.
2324 1998 2365 2062 4
2394 1996 2428 2080 ᾗ
2458 2002 2519 2061 1.

342 2088 644 2145 narrantis
682 2088 898 2165 igitur,
952 2085 1020 2145 id
1063 2098 1153 2145 est
1190 2088 1512 2167 loquentis.
1599 2086 1774 2148 ovid.
1810 2083 2043 2145 heroid.
2085 2090 2155 2147 1:
2216 2086 2522 2142 narrantis

344 2172 557 2229 coniux
575 2172 799 2249 pendet
823 2170 903 2230 ab
930 2192 1031 2229 ore
1055 2174 1191 2230 viri.
1279 2175 1562 2232 Dzmsr.

511 2258 656 2318 160.
741 2258 923 2335 sorte]
969 2259 1056 2314 sic
1093 2258 1251 2313 infra
1294 2277 1352 2316 v-
1403 2262 1566 2322 273:
1630 2257 1964 2316 humanam
1998 2265 2236 2324 sortem,
2276 2251 2394 2312 hoc
2432 2260 2522 2312 est

343 2340 591 2398 fatalem
630 2344 1083 2414 necessitatem3
1143 2350 1204 2398 et
1245 2361 1304 2398 v.
1347 2345 1508 2405 307:
1565 2344 1712 2399 sorti
1756 2342 1997 2400 senioris
2040 2341 2331 2416 adempti;
2393 2348 2452 2396 et
2480 2337 2526 2400 4

344 2423 500 2487 345:
536 2436 689 2481 eor-te
713 2444 847 2482 mea
871 2426 1081 2495 tristis,
1163 2427 1326 2504 Virg.
1353 2428 1505 2483 Aen.
1525 2430 1568 2490 2
1593 2426 1753 2489 555:
1796 2426 1946 2484 haee
1957 2426 2117 2500 finis
2144 2425 2387 2482 Priami
2404 2424 2524 2503 fiz-

346 2519 565 2579 tomm,
608 2509 709 2567 hic
736 2512 923 2567 exitus
947 2510 1125 2567 illum
1149 2522 1301 2568 sorte
1326 2511 1484 2568 tulit.
1572 2512 1773 2571 Foco.
2171 2550 2176 2556 -

514 2598 656 2660 162.
740 2616 835 2654 ms
846 2596 1172 2676 fletusque.
1220 2597 1372 2656 forte
1391 2608 1601 2674 peetus
1628 2609 1729 2656 aut
1754 2596 1978 2656 vultus.
2026 2597 2212 2656 Rmz.
2290 2604 2521 2672 pectus.

343 2681 430 2738 sic
455 2682 727 2758 reposui,
774 2701 913 2738 cum
941 2682 1130 2739 instar
1149 2684 1400 2740 monstri
1426 2684 1727 2760 legeretur
1732 2684 2066 2762 flenteque.
2157 2678 2371 2763 quodsi
2405 2700 2528 2738 non

342 2765 539 2844 placet
554 2777 768 2843 pectus
799 2765 1067 2824 lacrimis
1092 2766 1356 2837 madere,
1396 2768 1533 2845 lege
1565 2767 1788 2826 vultus.
1876 2765 2130 2827 Aeneid.
2173 2770 2249 2830 9:
2292 2764 2532 2824 millum

344 2849 612 2914 lactirnie
652 2861 832 2930 atque
868 2871 976 2909 ora
1017 2851 1281 2931 rigabat.
1340 2854 1624 2912 naurs-r.
1740 2855 2127 2932 Dempsterus
2183 2861 2243 2910 et
2281 2852 2528 2909 Ruizius

334 2945 660 3016 pectusque
684 2937 1043 2995 maluenmt.
1129 2957 1266 2996 cum
1294 2958 1435 2996 vero
1463 2936 1668 2997 sedeat
1692 2939 1757 2996 in
1787 2949 1915 2997 tor'o
1943 2940 2202 2998 Iustinus
2218 2981 2236 3013 ,
2281 2955 2391 3015 ego
2428 2954 2529 2994 ar-

343 3020 527 3079 bitrer
571 3022 894 3081 consultius
940 3021 1239 3102 lectusque
1274 3025 1394 3081 viri
1430 3022 1816 3083 scribendum
1834 3068 1851 3099 ,
1938 3026 2224 3105 quoniam
2283 3023 2528 3101 propius

342 3102 458 3164 hoc
491 3109 673 3166 etiam
700 3119 789 3167 est
820 3106 899 3166 ad
926 3109 1277 3187 scripturam
1299 3119 1587 3170 veterem.
1674 3112 1761 3170 sic
1801 3111 1946 3168 fletu
1977 3110 2203 3168 lectum
2251 3127 2314 3165 se
2351 3125 2530 3164 suum

337 3189 714 3262 ‚madefacere
755 3196 839 3251 ait
864 3192 1061 3253 David
1089 3214 1202 3252 rex
1231 3196 1471 3253 Psalmo
1503 3200 1578 3270 6,
1638 3194 1716 3253 ad
1761 3214 1945 3275 quem
1983 3194 2319 3272 respexisse
2352 3188 2529 3250 chri-

346 3279 571 3335 stianus
598 3289 761 3337 vates
789 3277 1042 3337 videtur.
1086 3280 1334 3337 Burru-
1419 3280 1810 3357 Dempsterus
1851 3300 1915 3337 se
1942 3281 2273 3358 reposuisse
2307 3277 2391 3336 ait
2411 3296 2532 3355 pe-

347 3371 503 3432 ctus,
547 3383 684 3420 cum
713 3374 886 3422 antea
910 3365 1099 3422 instar
1123 3364 1373 3422 monstri
1385 3364 1579 3440 fletus
1605 3364 1924 3440 legeretur,
1969 3363 2131 3445 quod
2158 3365 2211 3422 si
2243 3383 2366 3421 non
2393 3363 2531 3440 pla-

349 3455 498 3519 ceat,
543 3449 719 3505 scribi
743 3468 919 3528 posse
945 3449 1172 3508 vulnus.
1262 3445 1370 3506 sed
1397 3445 1627 3505 dudum
1655 3447 1899 3505 Ruizius
1925 3449 1990 3504 in
2014 3450 2284 3525 margine
2312 3443 2531 3503 editio-

344 3533 440 3589 nis
470 3550 614 3589 suae
641 3542 913 3592 notarat:
973 3535 1127 3592 forte
1149 3544 1364 3612 pectus
1400 3542 1502 3591 aut
1542 3532 1769 3590 vultus.
1860 3532 2141 3589 ultimum
2169 3529 2235 3588 id
2266 3529 2531 3588 firmatur

344 3635 428 3673 ex
462 3619 619 3675 Aen.
671 3622 701 3681 1
745 3617 889 3681 469.
940 3621 1183 3678 Voucx.
1288 3615 1617 3696 legendum
1662 3636 1791 3676 esse
1830 3616 2149 3695 vultusque
2190 3617 2532 3694 comprobat

345 3702 629 3779 Virgilius
660 3704 816 3760 Aen.
851 3706 885 3766 1
921 3701 1075 3778 469,
1122 3714 1181 3762 et
1207 3703 1523 3762 Barthium
1546 3706 1614 3760 in
1644 3699 1891 3761 Bar-thio
1921 3721 2142 3783 quaero
2178 3701 2352 3759 aliter
2389 3721 2532 3761 sen-

343 3787 621 3846 tientem:
665 3785 902 3847 videtur
926 3791 1086 3847 enim
1109 3787 1274 3849 haud
1300 3786 1786 3849 animadvertisse
1810 3786 1888 3848 ad
1910 3788 2277 3867 superiorem
2300 3806 2361 3846 v.
2392 3789 2532 3850 119.

341 3871 540 3930 Foco.
2374 3899 2377 3904 ·

515 3957 662 4025 166.
746 3956 1042 4020 demenda
1073 3970 1164 4019 est
1191 3959 1491 4020 distinctio
1520 3960 2010 4040 interrogatoriat
2040 3960 2162 4018 iam
2187 3959 2349 4017 enim
2375 3968 2535 4017 tem-

347 4057 461 4117 pus
510 4039 718 4100 adesse
766 4047 847 4100 ait
889 4049 1152 4105 Iustinus
1192 4058 1260 4105 ut
1299 4049 1584 4106 tristetur.
1672 4058 1878 4127 estque
1931 4046 2143 4104 allusio
2192 4043 2273 4103 ad
2308 4063 2534 4103 nomen

346 4124 632 4201 principis
662 4146 696 4182 a
730 4128 956 4186 iustitia
972 4174 990 4203 ‚
1050 4132 1295 4213 qualem
1332 4134 1399 4189 in
1438 4132 1692 4211 singulis
1730 4131 2073 4191 nominibus
2101 4140 2296 4211 captat
2321 4130 2533 4207 Corip-

345 4227 463 4285 pus
508 4210 783 4288 exemplo
824 4213 1218 4292 interpretum
1260 4219 1413 4276 sacri
1454 4218 1863 4292 instrumenti,
1908 4217 2029 4297 ‚qui
2069 4214 2218 4276 adeo
2255 4213 2399 4274 huic
2445 4212 2532 4269 rei

346 4289 703 4352 studuerunt
735 4305 802 4353 ut
826 4298 1083 4376 ineptias
1111 4305 1294 4360 etiam
1322 4322 1446 4361 non
1472 4322 1604 4360 raro
1631 4300 2052 4361 admiscuerint
2078 4299 2400 4381 plusquam
2431 4299 2532 4354 in-

346 4387 535 4455 eptas,
565 4389 634 4438 ut
660 4377 863 4442 videre
891 4389 1063 4461 potes
1089 4387 1293 4446 velex
1313 4389 1459 4448 solis
1488 4388 1869 4449 collectaneis
1897 4388 1961 4446 in
1989 4388 2273 4467 epistelas
2308 4381 2530 4456 Paulli,
