3210 5200
605 346 720 394 nv
1371 324 2043 399 MAZZUCCI-IELLH

606 492 973 570 maginimi
1014 491 1200 572 (Dine.
1226 488 1268 554 4-
1316 511 1369 549 c.
1398 496 1440 557 7
1477 512 1543 552 n.
1573 495 1613 555 8
1659 512 1724 570 Ρ.
1754 495 1883 558 817
1932 501 1993 550 et
2031 493 2153 557 319
2201 510 2271 552 ao
2299 511 2427 574 seq.
2465 488 2564 552 ed.
2596 494 2786 555 Paris.

611 593 836 671 1679);
897 614 967 653 ac
1006 594 1207 674 plures
1252 593 1358 651 alii
1399 593 1464 652 in
1502 604 1873 672 postremum
1911 603 2176 669 tantum,
2240 615 2459 675 nempe
2496 597 2787 655 Batonius

605 698 737 755 loco
767 697 940 754 citato
959 739 976 769 ,
1031 696 1252 775 Pagius
1288 697 1354 754 in
1395 695 1655 754 eundem
1679 697 1924 756 Baronii
1959 695 2159 755 locum
2204 707 2263 757 et
2293 697 2373 756 ad
2405 717 2633 757 annum
2663 701 2789 762 696

601 818 664 859 n.
697 797 768 871 53
831 797 1106 855 Labbeus
1148 800 1211 854 in
1264 798 1665 856 Concilc'orum
1709 809 1756 858 t.
1803 801 1842 862 6
1890 794 1988 854 ed.
2016 800 2204 856 Paris.
2246 803 2400 864 1671
2436 801 2550 858 col.
2591 802 2786 872 18813

603 902 830 960 Caveus
849 901 916 957 in
951 900 1235 977 Set-optor.
1272 899 1622 961 Ecclesia-st.
1657 900 1905 959 historia
1931 899 2227 958 litteraria
2249 903 2371 963 vol.
2405 908 2435 966 1
2468 901 2565 961 ed.
2596 906 2787 962 Oxou.

606 998 768 1065 1740
809 1021 871 1079 Ρ.
900 1003 1023 1063 600
1066 1021 1120 1058 a.
1149 1004 1307 1075 6903
1374 1000 1643 1060 Oudinus
1687 1004 1755 1061 in
1803 1003 2235 1061 Comuntur-lb
2275 1002 2349 1058 de
2391 1003 2792 1081 Scriptoribus

601 1102 1036 1160 Ecclesiastiois
1077 1113 1122 1160 t.
1156 1106 1185 1165 1
1241 1104 1353 1161 σοι.
1390 1105 1551 1168 1667
1602 1114 1664 1163 et
1704 1085 1833 1185 s'eq.
1875 1124 2032 1163 saec.
2063 1109 2108 1169 7
2150 1123 2208 1160 a.
2249 1106 2408 1178 690,
2469 1110 2574 1184 qui
2610 1108 2793 1164 etiam

605 1202 876 1262 distinxit
907 1205 1229 1283 Corippum
1266 1225 1300 1262 a
1332 1206 1642 1266 cresconio
1690 1207 1785 1287 (ut
1827 1208 2049 1265 fecerat
2093 1207 2369 1280 Vossius,
2432 1206 2485 1265 si
2524 1209 2792 1268 conferas

604 1307 804 1365 locum
830 1310 927 1365 cit.
959 1328 1096 1365 cum
1123 1305 1392 1366 eiusdem
1423 1312 1613 1387 capite
1650 1310 1688 1373 5
1722 1311 1858 1367 libri
1882 1315 1923 1373 2
1951 1310 2025 1367 de
2040 1302 2528 1389 poh'mLatimze)
2549 1353 2575 1381 ,
2617 1312 2794 1370 illum

607 1420 909 1468 auctorem
955 1408 1156 1469 dicens
1212 1409 1624 1469 tantummodo
1668 1414 1962 1489 poematis
2008 1412 2082 1469 de
2133 1410 2416 1469 laudibus
2463 1412 2689 1470 Iustim‘
2736 1424 2795 1471 et

606 1509 769 1569 hunc
807 1512 1164 1571 collectionis
1194 1533 1495 1572 canonum
1511 1535 1537 1584 ,·
1600 1506 1897 1590 Dupinius
1937 1517 2004 1571 in
2040 1516 2119 1574 N
2114 1514 2341 1573 ouvelle
2374 1512 2797 1594 Bibliotheque

605 1614 711 1675 dee
740 1627 982 1675 auteurs
1011 1615 1482 1693 eecle'sc'czstiques
1513 1624 1558 1671 t.
1590 1616 1629 1675 6
1668 1617 1842 1674 Mons
1876 1615 2037 1678 1694
2067 1636 2130 1694 Ρ.
2162 1614 2278 1689 45;
2321 1613 2454 1674 Ioh.
2487 1620 2606 1677 Iac.
2640 1620 2796 1677 Hof-

607 1736 862 1783 mannue
902 1718 967 1775 in
1003 1718 1222 1774 Lex-ico
1271 1715 1616 1774 Universalc‘
1638 1725 1684 1773 t.
1720 1719 1752 1780 1
1791 1735 1854 1793 p.
1884 1718 2046 1781 1013
2085 1713 2180 1773 ed.
2207 1714 2404 1793 Lugd.
2430 1721 2566 1777 Bet.
2603 1723 2794 1795 16983

609 1819 897 1876 Ceillerus
928 1820 994 1876 in
1033 1821 1301 1878 Histoire
1338 1818 1440 1877 des
1478 1829 1723 1876 auteurs
1761 1817 1958 1874 sacres
2007 1825 2064 1872 et
2113 1816 2579 1896 ecclesiastiquee
2628 1830 2674 1878 t.
2719 1826 2798 1886 17

605 1921 774 1979 Paris
808 1921 970 1985 1750
998 1942 1063 2000 Ρ.
1094 1923 1255 1996 7573
1299 1919 1596 1980 Berardus
1626 1922 1691 1979 iu
1705 1918 2089 1998 praefiniam
2117 1918 2197 1977 ad
2231 1920 2519 1978 Gratiani
2543 1941 2801 1982 canonae

600 2025 899 2103 genuinos
924 2022 1005 2081 ab
1036 2024 1396 2103 apocryphis
1427 2025 1703 2084 decretos
1734 2022 1987 2081 Taurini
2020 2023 2182 2087 1752
2220 2042 2284 2100 Ρ.
2314 2024 2431 2095 283
2488 2024 2801 2086 Bauerinii

606 2128 673 2186 in
719 2128 779 2184 T
767 2136 1006 2185 ructata
1046 2127 1120 2186 de
1160 2131 1429 2207 antiquie
1468 2124 1913 2185 collectionibus
1955 2134 2016 2181 et
2059 2123 2467 2189 collectoribus
2502 2146 2802 2184 canonum

603 2229 695 2289 ad
728 2229 1096 2293 Gratianum
1125 2249 1313 2309 usque
1341 2252 1405 2310 p.
1429 2228 1469 2292 4
1494 2251 1544 2288 c.
1567 2233 1605 2292 3
1632 2231 1699 2286 in
1726 2226 2086 2306 Appendice
2105 2228 2195 2286 acl
2221 2228 2291 2285 S.
2322 2227 2545 2287 Leonis
2571 2230 2805 2308 Magni

614 2332 819 2410 Opera
858 2351 966 2392 seu
1004 2343 1050 2391 t.
1077 2335 1117 2395 3
1160 2334 1371 2392 Venet.
1403 2332 1563 2398 1757
1589 2352 1653 2410 Ρ.
1691 2328 1851 2405 254;
1913 2339 1973 2386 et
2020 2332 2124 2389 alii
2164 2332 2291 2389 fere
2333 2349 2543 2391 omnes
2585 2334 2689 2411 qui
2723 2329 2801 2388 de

606 2434 924 2497 concordia
953 2454 1251 2494 canonum
1279 2437 1580 2497 cresconii
1610 2448 1896 2517 egerunt3
1942 2437 2159 2517 quibus
2185 2434 2599 2512 subscripsisse
2626 2433 2802 2493 vide-

606 2547 703 2596 tur
732 2536 967 2598 Andres
1000 2540 1067 2597 in
1099 2540 1226 2599 eius
1257 2558 1434 2619 opere
1462 2541 1634 2599 Dell'
1662 2543 1917 2622 origine,
1961 2538 2054 2598 de’
2074 2538 2384 2617 progressi
2406 2557 2438 2592 e
2463 2535 2619 2594 dello
2646 2546 2803 2595 stato

606 2641 837 2699 mutale
865 2641 928 2700 d’
953 2644 1101 2719 ogni
1124 2642 1471 2702 leuet-amm
1502 2656 1681 2722 parte
1710 2644 1967 2702 soconda
1997 2641 2156 2702 delle
2186 2642 2413 2697 seienze
2448 2639 2806 2700 ecclesiasti-

609 2743 717 2801 οἰκ
743 2742 893 2802 libro
919 2753 1102 2812 terzo,
1142 2753 1226 2800 to.
1254 2748 1332 2807 21
1366 2743 1507 2801 edit,
1533 2747 1797 2803 Venetae
1834 2746 1976 2802 anni
2012 2745 2171 2805 1800
2200 2760 2272 2817 p0,
2292 2739 2397 2803 46.
2482 2741 2556 2798 iis
2588 2761 2806 2802 accen-

608 2842 829 2904 sendus
859 2854 949 2901 est
974 2846 1160 2902 etiam
1186 2842 1480 2916 Quadrius
1502 2846 1567 2905 in
1592 2863 1771 2921 opere
1803 2846 1898 2904 cui
1923 2841 2130 2902 titulus
2159 2837 2349 2898 Deua
2369 2843 2554 2899 storia
2580 2859 2612 2899 e
2640 2842 2807 2900 della

610 2947 857 3024 ragione
897 2925 960 3004 εἶ’
999 2948 1145 3024 ogni
1176 2948 1385 3024 poesia
1418 2945 1536 3004 vol.
1570 2955 1785 3023 quarto
1821 2945 1910 3025 (t.
1940 2940 2021 3022 6)
2063 2941 2310 3004 Manno
2346 2940 2509 3008 1749
2545 2964 2609 3023 p.
2646 2943 2804 3008 147:

613 3047 689 3124 de
724 3070 795 3108 eo
825 3058 1030 3107 autem
1055 3047 1211 3106 infra
1239 3045 1458 3106 redibit
1492 3066 1713 3107 sermo.

778 3149 906 3211 Sed
937 3147 1051 3209 hac
1087 3151 1154 3207 in
1195 3170 1259 3208 re
1299 3148 1604 3231 sequenda
1650 3152 1891 3222 omnino
1932 3158 2023 3209 est
2068 3150 2268 3230 opinio
2314 3149 2620 3228 Fogginii,
2699 3149 2805 3230 qui

612 3274 675 3333 p·
708 3252 787 3317 15
836 3255 921 3313 ait
957 3244 1113 3312 “aut
1137 3255 1339 3312 minus
1366 3256 1654 3312 veraciter
1684 3265 1787 3316 aut
1821 3256 2036 3313 saltem
2064 3255 2265 3311 minus
2299 3250 2618 3329 diligenter
2639 3248 2806 3309 indi-

614 3366 813 3416 catum
865 3365 1010 3435 puto
1058 3357 1131 3413 ab
1191 3352 1573 3417 adnotatore”
1626 3356 1847 3416 codicis
1905 3356 2281 3417 Vanioellani
2331 3347 2369 3399 “-
2386 3363 2806 3433 argumentum

614 3459 890 3518 carminis
918 3457 992 3515 de
1018 3456 1190 3516 bellis
1218 3459 1482 3539 Libyeis,
1525 3460 1691 3542 quod
1714 3463 1770 3519 ei
1797 3461 2205 3519 innotescebat
2234 3460 2536 3517 cresconii
2562 3457 2808 3516 nomine

612 3562 982 3639 inscriptum.
1068 3562 1338 3637 sienim,
1404 3565 1547 3644 quia
1584 3574 1728 3622 tunc
1773 3565 1927 3622 forte
1959 3566 2030 3622 in
2062 3585 2163 3623 ore
2197 3565 2369 3641 vulgi
2400 3561 2809 3620 celebrabatur

609 3666 925 3744 praecipue
949 3664 1202 3743 insIgnis
1227 3667 1473 3725 victoria
1506 3686 1693 3746 quam
1720 3668 2015 3725 recentius
2053 3669 2117 3725 in
2151 3668 2355 3725 Africa
2384 3661 2460 3721 de
2493 3662 2806 3722 Saracenis

611 3764 907 3826 lohannes
960 3771 1242 3846 patricius
1289 3771 1646 3849 imperatore
1687 3771 1939 3827 Leontio
1987 3775 2418 3848 reportaverat,
2485 3760 2649 3820 hanc
2698 3761 2807 3820 ille

610 3869 919 3930 victoriam
950 3871 1330 3931 cresconiam
1378 3872 1656 3932 carminis
1681 3881 2107 3949 argumentum
2134 3891 2267 3929 esse
2298 3866 2572 3926 adserere
2604 3865 2806 3922 inten-

614 3969 732 4047 dit,
791 3973 1069 4034 falsitatis
1110 3995 1251 4034 eum
1287 3983 1545 4053 arguunt
1574 3974 1756 4051 primi
1779 3971 2054 4031 eiusdem
2082 3972 2360 4030 carminis
2384 3985 2591 4026 versus
2621 3984 2656 4024 a
2684 3965 2808 4023 Cu·-

617 4076 890 4155 :piniano
918 4075 1065 4136 editi
1082 4121 1099 4154 ‚
1161 4078 1265 4157 qui
1292 4077 1523 4134 bellum
1549 4073 1820 4134 indicant
1843 4078 2012 4135 -vario
2040 4093 2110 4132 ao
2142 4071 2420 4133 diuturno
2451 4072 2642 4129 Marte
2672 4068 2809 4147 agi-

617 4185 839 4254 tatum,
902 4198 1039 4237 cum
1075 4199 1112 4236 e
1151 4179 1443 4236 contrario
1478 4177 1710 4234 bellum
1748 4177 2170 4237 Saracenieum
2204 4178 2313 4235 sub
2345 4177 2597 4235 Leontio
2638 4176 2828 4233 brev?

617 4281 900 4360 temporis
923 4280 1113 4358 spatio
1143 4279 1479 4339 confectum
1499 4298 1629 4338 esse
1663 4289 1892 4339 constet
1916 4299 1995 4340 ex
2018 4283 2334 4342 Anastasio
2346 4277 2806 4341 Bibliothecario
