3210 5200
670 393 771 488 56
1603 392 1939 462 comrm

668 561 791 627 395
834 558 1079 641 quodsi,
1126 559 1304 636 dur-e,
1346 561 1502 620 meis
1530 558 1719 624 audes
1743 562 2034 621 contraria
2062 558 2255 638 dictis,

835 666 1088 722 crastina
1113 663 1276 720 bella
1301 682 1446 742 para
1462 708 1479 738 ,
1527 665 1773 743 cingens
1799 665 2137 722 munimine
2161 665 2390 739 fossas3

834 763 1020 823 funde
1047 785 1231 844 pecus
1260 766 1534 841 solitum3
1584 764 1903 846 rapiendos
1934 776 2206 826 construe
2234 787 2471 845 muros3

830 867 1140 926 balantum
1168 888 1460 947 compone
1486 888 1700 948 greges
1723 870 1997 950 fetasque
2020 870 2280 947 capellas

829 980 889 1030 et
919 973 1104 1030 torvis
1137 970 1370 1031 medios
1397 974 1723 1031 clamantes
1751 972 2015 1030 vultibus
2041 969 2262 1032 hircos.

659 1067 784 1138 400
827 1092 946 1131 non
977 1075 1159 1132 ariete
1191 1094 1365 1134 cavas
1394 1073 1652 1134 adducto
1685 1094 1966 1155 spargere
1996 1083 2190 1133 turres

826 1184 918 1233 est
947 1193 1132 1255 opus:
1176 1175 1432 1236 abducto
1466 1179 1669 1257 potius
1701 1174 2064 1235 nudabimus
2091 1175 2313 1252 hostes,

826 1277 983 1336 inter
1011 1298 1272 1362 ovesque
1303 1291 1437 1340 tuas
1463 1282 1622 1339 acies
1652 1278 2037 1358 praedabitur
2064 1282 2279 1356 omnis,

826 1389 887 1438 et
912 1380 1065 1439 bene
1098 1380 1362 1461 direptos
1388 1401 1686 1461 ponemus
1712 1381 1966 1462 prandia
1990 1401 2217 1441 muros.

825 1482 1122 1562 sculptilis
1149 1485 1289 1559 ille,
1332 1487 1455 1543 tuis
1483 1488 1653 1544 cuius
1682 1487 2016 1544 munimine
2046 1486 2251 1544 castris

654 1579 779 1648 405
820 1604 1105 1665 prospera
1139 1581 1340 1642 danda
1372 1596 1625 1662 canunt,
1670 1584 1939 1666 disperso
1971 1587 2180 1648 robore
2207 1588 2415 1646 Gurzil

824 1684 1148 1761 scinditur,
1194 1684 1590 1767 ardentesque
1620 1688 1827 1766 palam
1854 1693 2130 1748 mittetur
2157 1688 2244 1748 ad
2266 1692 2460 1769 ignes.

824 1787 1102 1865 gentibus
1131 1786 1366 1862 effusis,
1407 1807 1619 1867 omnpo
1646 1801 1964 1869 quaeretur
1992 1791 2058 1847 in
2085 1791 2194 1848 illo

820 1889 1124 1948 montibus
1156 1900 1217 1948 et
1243 1891 1502 1966 cunctis,
1552 1901 1846 1971 quotquot
1873 1893 2176 1950 Maurusia
2208 1892 2396 1968 gessit

819 1992 1117 2069 impietas.
1203 1992 1402 2051 scelus
1432 1990 1548 2051 hoc
1583 2012 1722 2050 cum
1751 1995 1906 2052 iusto
1941 1995 2129 2051 Marte
2161 1993 2353 2072 piabit

650 2093 776 2157 410
814 2104 1018 2152 nostra
1044 2112 1289 2168 manus,
1336 2092 1561 2153 calidos
1586 2106 1968 2175 prosternens
1993 2113 2251 2174 aequore
2280 2106 2520 2155 truncos

814 2197 1134 2255 verticibus
1164 2198 1379 2275 raptis,
1425 2195 1620 2256 disces
1652 2195 1817 2277 quod
1841 2198 2067 2276 proelia
2094 2207 2345 2275 possunt

811 2309 1014 2357 nostra
1040 2301 1235 2377 magis
1251 2343 1267 2374 ‚
1310 2302 1563 2358 miseros
1590 2299 1750 2357 ensis
1780 2296 1927 2355 dum
1953 2296 2233 2358 vendicat
2259 2301 2439 2358 Afms

812 2411 871 2460 et
898 2403 1164 2480 peritura
1191 2399 1412 2461 cadunt
1437 2400 1722 2480 dispersis
1750 2404 1992 2479 agmina
2018 2382 2261 2462 fossis.”

895 2505 1016 2564 Vix
1045 2524 1114 2562 ea
1142 2505 1302 2565 fatus
1331 2516 1487 2563 erat:
1529 2505 1752 2563 missus
1779 2515 2066 2562 montana
2096 2504 2360 2562 tenebat.

641 2603 764 2672 415
808 2617 1000 2665 castra
1029 2606 1280 2668 adversa
1305 2619 1519 2667 tenens
1544 2605 1752 2665 media
1776 2609 1842 2664 in
1868 2609 2125 2665 tentoria
2154 2609 2369 2666 transit

805 2707 1091 2769 indubius
1108 2755 1124 2786 ‚
1168 2710 1498 2791 sedemque
1526 2710 1644 2767 feri
1668 2712 1821 2788 petit
1845 2707 1991 2767 iu'de
2020 2711 2286 2789 tyranni,

808 2807 1063 2869 humida
1087 2833 1217 2872 nox
1245 2815 1415 2872 caelo
1441 2812 1737 2888 fulgentia
1760 2808 1959 2869 sidera
1985 2808 2182 2868 reddit

802 2913 1195 2994 palantesque
1222 2916 1365 2994 polo
1395 2914 1639 2973 stellasz
1682 2932 1828 2970 nam
1857 2910 2115 2991 Cynthia
2143 2934 2327 2973 oornu

812 3017 938 3073 iam
964 3036 1184 3092 vacuo,
1231 3017 1515 3075 obscurae
1544 3034 1659 3073 nec
1683 3016 1977 3094 praebens
2004 3016 2233 3073 lumina
2261 3025 2475 3095 terrae,

637 3117 765 3182 420
807 3137 1064 3197 aequore
1092 3138 1291 3177 mersa
1318 3118 1468 3191 fuit3
1511 3119 1738 3176 mensis
1768 3128 2117 3177 tenuaverat
2142 3119 2336 3196 ignes.

808 3219 917 3278 sed
941 3240 1065 3278 non
1093 3232 1283 3280 castra
1310 3219 1535 3279 ducum
1556 3223 1751 3279 noctis
1781 3240 2023 3279 sensere
2053 3220 2368 3279 tenebras:

805 3322 1040 3380 lumina
1071 3322 1256 3381 densa
1292 3323 1445 3381 focis
1475 3342 1587 3401 per
1614 3341 1858 3401 campos
1891 3323 2053 3382 clara
2081 3323 2371 3396 relucent,

798 3444 1025 3505 perque
1066 3424 1217 3483 altos
1247 3434 1481 3484 montes
1517 3423 1796 3504 splendet
1824 3425 2400 3483 contermina-tellus

802 3527 1044 3606 ignibus
1061 3570 1076 3599 ,
1121 3535 1182 3583 et
1208 3522 1428 3584 densae
1455 3525 1690 3585 radiant
1717 3530 1782 3585 in
1807 3528 2016 3586 nubila
2041 3529 2249 3586 silvae.

632 3627 757 3693 425
801 3632 937 3710 quis
973 3628 1208 3687 caelum
1246 3647 1283 3684 a
1315 3630 1490 3687 terris
1514 3629 1622 3687 illa
1653 3626 1989 3688 discernere
2018 3640 2222 3708 posset

800 3742 1009 3807 nocte,
1056 3730 1259 3789 ferens
1285 3750 1439 3810 quae
1467 3732 1643 3789 stella
1668 3733 1898 3805 nitens,
1945 3749 2098 3811 quae
2128 3732 2370 3788 flamma
2392 3729 2603 3787 fuisset
2617 3726 2648 3786 ’ἔ

800 3835 1001 3891 omnia
1031 3834 1239 3891 lumen
1268 3842 1429 3891 erat:
1475 3832 1733 3891 fiammis
1768 3830 1910 3891 hinc
1941 3843 2098 3890 terra
2126 3840 2413 3904 coruscat,

796 3933 938 3993 inde
968 3937 1146 4014 polus
1172 3937 1387 3995 stellis.
1474 3937 1754 4015 quotiens
1783 3934 2047 3994 scintilla
2075 3934 2333 3993 cucurrit

623 4150 730 4206 395
761 4148 921 4221 dore]
968 4151 1106 4206 serre
1146 4151 1210 4204 M
1420 4149 1529 4203 400
1569 4148 1735 4202 ariete
1779 4167 1881 4203 non
1926 4147 2057 4202 altas
2101 4150 2165 4202 M
2365 4149 2491 4204 ibid.
2543 4150 2731 4202 adacto
2782 4150 2834 4200 Τ

623 4222 723 4275 401
759 4219 977 4272 adustos
1008 4221 1084 4284 T,
1115 4220 1368 4272 adductos
1391 4219 1479 4281 M,
1514 4220 1605 4286 qm·
1631 4220 1860 4271 molebat
1886 4218 2126 4272 adducto.
2154 4218 2217 4271 Μ
2421 4221 2525 4272 402
2560 4220 2692 4272 aries
2720 4219 2833 4269 ΜἸ·

624 4289 729 4343 403
763 4291 896 4341 bone
933 4289 1010 4352 Τ,
1045 4304 1209 4381 prope
1248 4290 1308 4341 M
1577 4286 1681 4342 408
1716 4305 1788 4339 ova
1824 4288 2105 4357 quicquid?
2383 4289 2481 4343 411
2519 4290 2682 4343 discet
2716 4289 2830 4342 MT

625 4360 728 4413 418
763 4359 1012 4429 pallentes
1025 4374 1115 4427 {ue
1146 4358 1192 4411 Γ
1388 4357 1491 4413 419
1523 4354 1766 4411 obscuret
1791 4358 1840 4411 Τ
2043 4358 2151 4415 420
2183 4375 2376 4430 equora
2405 4360 2465 4416 'l’-
