3210 5200
642 458 809 507 xvu!
1403 440 2078 508 MAZZUCCHELLII

644 618 703 666 et
736 607 983 687 reliqua.
1067 625 1210 665 sane
1240 606 1370 665 Nic.
1401 606 1711 666 Gerbelius
1741 609 1907 687 operi
1938 607 2283 686 cuspiniani
2307 619 2643 680 auctorum,
2686 631 2833 689 quos

644 709 806 767 idem
821 712 986 782 citat,
1002 710 1306 786 praemisit
1333 709 1775 788 catalogunQin
1803 730 1921 790 quo
1951 711 2200 787 legitur:
2242 713 2586 770 Craotoniuc
2611 713 2832 790 Gorip-

637 835 786 890 puc,
809 812 918 889 qui
933 809 1115 869 libros
1130 810 1496 869 Iohannidos
1509 813 1773 887 ccv-ipat,
1803 812 1913 888 qui
1927 810 2223 869 habentur
2242 815 2308 871 in
2324 812 2675 871 bibliotheca
2692 815 2831 872 Bu-

644 915 831 973 detwi.
881 915 966 971 sic
991 913 1168 991 plane
1191 911 1518 970 habettum
1533 910 1708 969 citata
1728 909 1908 970 editio
1919 911 2278 973 Basileensis
2295 927 2423 973 tum
2439 917 2622 973 altera
2639 918 2827 973 Fran-

645 1017 857 1075 cofurti
884 1016 1026 1072 anni
1050 1017 1227 1088 1601,
1264 1032 1416 1094 quae
1440 1012 1505 1069 in
1527 1010 1888 1072 bibliotheca
1914 1024 2112 1072 nostra
2127 1016 2516 1074 Ambrosiana
2543 1028 2828 1095 prostant.

642 1120 973 1196 principem
1020 1112 1367 1188 editionem,
1451 1133 1604 1193 quae
1661 1124 1866 1171 tamen
1922 1126 2197 1193 postuma
2263 1117 2411 1173 exiit
2451 1120 2828 1194 Argentorati

642 1238 799 1276 anno
829 1216 1022 1291 1540,
1083 1237 1147 1275 re
1188 1235 1329 1273 vera
1362 1214 1633 1273 nondum
1660 1214 1819 1290 vidi3
1879 1214 1987 1274 sed
2014 1237 2153 1274 cum
2180 1236 2259 1273 ex
2294 1215 2506 1275 eadem
2540 1220 2825 1294 repetitae

640 1322 760 1379 sint
785 1321 1136 1399 posteriores
1155 1362 1171 1393 ‚
1234 1336 1358 1376 non
1400 1328 1489 1375 est
1534 1336 1639 1377 cur
1682 1317 1900 1398 aliquis
1936 1328 2105 1397 putet
2138 1337 2325 1376 novos
2369 1316 2623 1377 editores
2648 1339 2823 1378 ausos

641 1442 773 1480 esse
816 1422 1135 1479 immutare
1175 1429 1415 1477 textum
1451 1420 1726 1477 auctoris.
1811 1419 2066 1501 ideoque
2109 1422 2209 1478 vel
2253 1441 2288 1479 a
2323 1420 2515 1500 prima
2565 1419 2826 1479 editione

640 1523 835 1602 operis
865 1521 1211 1600 cnspiniani
1245 1522 1346 1577 vel
1382 1520 1632 1578 sortasse
1674 1522 1750 1577 ab
1798 1542 1991 1580 errore
2024 1521 2284 1580 Gerbelii
2319 1524 2546 1580 factum
2582 1534 2704 1597 est,
2755 1534 2824 1581 ut

642 1623 778 1698 alii,
841 1641 1061 1701 nempe
1100 1622 1389 1680 Simlerus
1436 1632 1494 1678 et
1533 1624 1862 1695 Gemmms,
1923 1626 2265 1682 Crastonem
2301 1628 2640 1682 vocaverint
2679 1626 2822 1685 Cre-

642 1727 909 1783 sconium
956 1733 1245 1781 nostrum.
1351 1721 1609 1779 eundem
1661 1721 1842 1779 etiam
1894 1725 2265 1807 Cri-iconium
2314 1737 2374 1783 et
2424 1727 2828 1784 Cres-centium>

640 1827 902 1904 appellat
925 1825 1228 1882 Fabricius
1259 1825 1325 1881 in
1355 1822 1529 1881 citata
1554 1823 1931 1882 Bibliotheca
1958 1826 2187 1883 mediae
2214 1837 2274 1884 et
2302 1827 2546 1899 infimae
2568 1829 2822 1885 Lacini-

638 1931 808 1998 tatio,
848 1946 962 1985 nec
983 1945 1105 1983 non
1137 1926 1412 2002 Crispum
1434 1924 1878 2004 INErythraeus
1905 1927 1969 1984 in
1987 1927 2386 1985 Pinacotheca
2414 1942 2474 2004 p.
2493 1928 2596 1991 25.
2639 1947 2815 2005 porro

637 2028 940 2087 Fabricius
970 2046 1282 2107 perperam
1324 2028 1561 2106 culpam
1593 2031 1781 2086 reiicit
1813 2031 1875 2085 in
1910 2026 2335 2105 cuspinianum
2367 2026 2439 2085 de
2471 2028 2623 2086 falso
2661 2028 2816 2086 Cra-

635 2132 817 2189 stonii
853 2132 1114 2188 nomine.
1218 2126 1433 2186 Christ.
1478 2131 1767 2187 Daumius
1802 2146 2037 2209 quoque
2081 2126 2372 2186 scribebat
2411 2128 2538 2187 Nic.
2572 2130 2817 2188 Heinsio

637 2251 794 2289 mmo
828 2235 983 2294 1673
1017 2230 1394 2288 Iohanneida
1429 2232 1673 2309 Corippi
1709 2233 1775 2289 in
1810 2230 2161 2288 bibliotheca
2193 2230 2469 2288 Badensi
2479 2231 2708 2310 fuisse,
2749 2243 2819 2291 ut

635 2333 839 2393 videre
874 2343 963 2391 est
989 2335 1054 2390 in
1080 2330 1525 2390 Burmanniana
1559 2333 1803 2411 Sylloge
1830 2318 2240 2410 Epistularum
2266 2342 2346 2393 to.
2377 2332 2417 2397 5
2445 2354 2507 2412 Ρ.
2544 2338 2685 2397 217.

804 2432 928 2494 Sed
953 2433 1333 2516 quandonam
1350 2480 1366 2509 ‚
1423 2435 1659 2515 inquies
1678 2481 1693 2509 ,
1754 2433 1971 2493 viderit
2001 2433 2394 2511 cuspinianus
2423 2432 2815 2493 Iohannidem

634 2538 856 2595 Budae
869 2578 896 2609 ,
935 2548 1004 2595 ut
1026 2540 1157 2619 ipse
1186 2537 1269 2595 ait
1287 2582 1303 2611 ,
1347 2541 1412 2594 in
1436 2539 1605 2617 regia
1638 2536 2009 2595 bibliotheca.
2099 2538 2226 2592 Nic.
2264 2537 2573 2595 Ger-helius
2596 2540 2659 2594 in
2685 2539 2814 2615 epi-

633 2640 789 2699 stola
826 2640 916 2700 ad
930 2683 931 2686 ,
951 2639 1223 2699 lectorem
1270 2638 1409 2697 data
1436 2640 1837 2721 Atgentoraei
1864 2639 1987 2697 kal.
2026 2636 2296 2717 Augusti
2307 2679 2333 2709 ,
2400 2640 2480 2697 ab
2519 2661 2679 2698 anno
2715 2659 2813 2697 re·-

629 2741 859 2818 dempa'
883 2738 1043 2798 orbis
1071 2740 1264 2812 1540,
1331 2748 1392 2797 et
1427 2742 1691 2817 praefixa
1737 2739 1901 2817 operi
1940 2741 2285 2816 cuspiniani
2318 2740 2391 2795 de
2428 2740 2810 2811 Caesaribus,

629 2843 695 2899 in
730 2862 847 2922 qua
877 2843 1076 2920 aliqua
1105 2839 1179 2897 de
1205 2841 1327 2898 vita
1359 2842 1613 2897 auctoris
1639 2838 1962 2915 congessit,
2007 2837 2157 2894 haec
2184 2836 2258 2894 de
2287 2836 2499 2896 eodem
2526 2840 2609 2897 ait
2627 2858 2646 2897 :
2689 2845 2811 2899 im-

622 2954 869 3022 perator
891 2943 1069 3000 divus
1088 2941 1556 2999 Maximilianus
1584 2961 1719 2997 eum
1745 2942 1810 2997 in
1836 2949 2109 2997 senatum
2134 2959 2311 2997 suum
2333 2939 2615 3012 adscivit,
2640 2962 2812 2999 eum-

630 3063 748 3124 que
775 3044 843 3100 in
890 3043 1227 3120 Unger-iam
1265 3043 1579 3100 Boemiam
1619 3040 2055 3120 Poloniamque
2094 3054 2384 3100 oratorem
2426 3044 2590 3100 misit
2627 3045 2810 3102 anni-5

630 3144 942 3205 duodecim
971 3147 1286 3204 continuis.
1376 3145 1499 3204 imo
1525 3144 1655 3223 ipse
1686 3145 2078 3223 Cuspinianus
2110 3144 2175 3203 in
2204 3145 2451 3225 epistola
2479 3144 2809 3223 praemissa.

629 3249 823 3306 diario
861 3267 968 3306 suo
1007 3247 1080 3303 cle
1126 3266 1444 3326 congressu
1491 3247 1764 3305 Caesaris
1790 3247 2215 3306 Maximiliani
2229 3248 2506 3328 Augzwti
2533 3260 2588 3306 et
2621 3250 2805 3306 vium

627 3372 837 3430 regum
850 3393 877 3420 ,
934 3350 1302 3426 Hungariae
1332 3348 1661 3407 Bohemiae
1699 3359 1755 3406 et
1777 3348 2068 3407 Poloniae
2083 3391 2107 3421 ‚
2179 3350 2487 3409 Vladislai
2502 3351 2809 3409 Ludovici

626 3475 704 3513 ac
735 3451 1153 3531 Sigismundi,
1217 3454 1286 3509 in
1315 3450 1458 3509 urbe
1492 3453 1561 3511 V
1548 3452 1814 3510 lennensi
1824 3452 2004 3530 sacto
2015 3493 2040 3524 ,
2108 3457 2186 3517 17
2227 3453 2411 3524 Iulii,
2478 3473 2538 3510 a.
2584 3452 2806 3511 Christi

632 3553 824 3628 1515,
897 3554 1109 3614 Iacobo
1146 3553 1414 3632 vilinger
1466 3555 1759 3614 scribebat
1799 3575 1878 3613 ex
1918 3537 2146 3614 Vienna
2185 3554 2474 3632 vigesima
2507 3556 2759 3634 Augusti
2779 3574 2800 3613 :

627 3661 892 3738 quinque
931 3658 1113 3714 ann-is·
1152 3657 1325 3715 volvo
1369 3657 1480 3716 hoc
1510 3679 1724 3716 saxzim
1741 3701 1766 3728 ,
1829 3656 2046 3737 quibus
2091 3658 2339 3734 vigesies
2385 3668 2440 3715 et
2486 3669 2695 3736 quater
2732 3659 2802 3715 in

623 3760 1021 3837 Hungariam
1044 3770 1242 3816 orator
1266 3761 1371 3817 ivi.
1471 3761 1538 3818 iu
1566 3763 1697 3839 ipso
1727 3779 1961 3841 quoque
1993 3758 2206 3831 diario,
2253 3757 2416 3837 quod
2440 3768 2635 3815 exstat
2661 3768 2801 3835 post

625 3862 726 3919 cit.
764 3863 986 3919 librum
1031 3859 1105 3919 de
1155 3860 1509 3919 Caesaribus
1537 3882 1597 3940 p.
1631 3867 1788 3937 617,
1850 3862 2099 3938 legitur:
2162 3861 2441 3917 remissus
2473 3870 2557 3916 est
2594 3861 2800 3936 itaque

634 3963 1039 4041 Cuspinianus
1065 3983 1107 4021 a
1138 3962 1329 4022 Bada
1361 3962 1449 4020 ad
1478 3963 1789 4020 Caesarem
1804 3985 1831 4034 ;
1899 3973 1958 4020 et
2000 3961 2178 4040 paulo
2217 3971 2381 4040 post:
2425 3963 2799 4038 praemissu-5

629 4076 713 4124 eet
740 4067 942 4145 itaque
979 4065 1387 4144 Caeupinianus
1414 4063 1683 4121 Budam.
1771 4062 1913 4121 hinc
1953 4083 2074 4121 non
2113 4059 2539 4139 ambigendum
2574 4074 2662 4122 est
2698 4063 2796 4120 vi·—

623 4167 782 4228 disse
829 4168 1258 4247 cuspinianum
1297 4164 1503 4224 Bndae
1544 4165 1809 4224 codicem
1852 4166 2089 4244 Corippi
2117 4166 2270 4222 intra
2311 4183 2496 4222 annos
2535 4165 2694 4229 1510
2732 4175 2795 4223 et

629 4269 811 4334 1515.
893 4268 1013 4328 hoc
1048 4266 1269 4327 eodem.
1293 4256 1560 4346 tempore
1597 4268 1807 4347 procul
1832 4266 2014 4326 dubio
2043 4268 2437 4344 cnspinianus
2466 4267 2612 4325 alios
2636 4286 2791 4348 quo—

622 4389 739 4451 que
772 4369 1004 4432 codices
1028 4366 1258 4430 ibidem
1282 4369 1613 4430 consuluit:
1665 4387 1809 4428 nam
1833 4371 1895 4428 in
1924 4390 2033 4431 suo
2060 4372 2475 4430 commentario
2497 4371 2564 4429 in
2584 4370 2794 4430 Ata-e-
