3210 5200
1041 414 1153 478 DE
1200 412 1609 483 LAUDIBUS
1656 413 1984 482 IUSTINI.
2442 414 2584 487 341

438 583 654 639 locum.
743 598 885 639 auro
928 577 1112 657 igitur
1146 578 1374 636 intexto
1406 575 1683 639 historica
1713 599 1910 637 rerum
1945 580 2124 639 series
2153 581 2588 659 exprimebatur

441 663 516 723 ad
555 661 802 723 modum
849 665 1154 742 picturae3
1197 662 1336 721 inde
1374 666 1553 721 vestis
1590 683 1660 733 ea
1694 674 1832 742 toga
1850 667 2022 742 pieta
2043 676 2267 723 vocata.
2352 669 2428 724 T.
2453 669 2585 723 Liv.

445 753 521 812 10
537 767 558 813 ε,
587 750 687 806 eui
703 748 946 806 deorum
969 747 1346 805 hominumve
1364 748 1681 826 indignum
1703 749 1889 805 videri
1899 760 2118 826 potest,
2138 770 2284 826 quos
2309 770 2411 808 voe
2437 752 2587 809 sella

438 833 662 902 curuli,
702 843 842 911 toga
882 842 1212 911 praetexta,
1254 833 1456 889 tunica
1488 832 1771 908 palmata
1814 844 1871 889 et
1908 844 2046 913 toga
2077 836 2250 910 picta
2284 845 2339 889 et
2372 856 2589 905 ‚corona

409 936 420 946 ·
439 915 794 994 triumphali
831 916 1155 987 honorati-r,
1185 916 1563 994 pontificalia
1593 928 1937 974 ornamenta
1966 917 2262 975 adiicere?
2300 920 2456 977 Fest.
2481 920 2587 978 lib.

445 1000 522 1063 14
569 1004 632 1058 in
660 1004 852 1078 picta.
942 999 1112 1073 oyid.
1146 1021 1225 1058 ex
1249 1003 1434 1059 Ponto
1462 1006 1504 1064 2
1550 1005 1617 1062 1:
1662 1001 1943 1079 claraque
1981 1012 2354 1079 sumpturum
2389 1006 2588 1080 pictas

439 1086 703 1163 irmigm'a
742 1095 941 1144 vestes.
1028 1088 1249 1143 Auson.
1280 1083 1480 1163 Edyll.
1514 1083 1553 1146 4
1587 1096 1866 1164 protrept.
1901 1085 1978 1143 ad
2005 1097 2317 1166 nepotem:
2362 1099 2430 1143 ut
2460 1100 2586 1145 tra-

443 1169 611 1227 beam
624 1172 968 1247 pictamque
993 1179 1217 1247 togam,
1257 1190 1389 1226 mea
1407 1173 1709 1246 praemia,
1751 1171 1960 1228 consul
1984 1172 2273 1228 induerer.
2362 1174 2586 1229 Lucan.

438 1258 512 1318 9:
547 1255 854 1331 pictaeque
893 1263 1088 1331 togae,
1131 1253 1430 1310 velamina
1463 1275 1689 1311 summo
1730 1266 1817 1311 ter
1856 1266 2162 1333 conspecta
2186 1257 2336 1312 Ιονί.
2425 1257 2588 1313 Tur-

436 1339 623 1396 nebus
648 1348 815 1414 putat
841 1336 878 1399 5
923 1339 962 1398 9
1003 1336 1166 1395 idem
1210 1359 1336 1396 esse
1377 1341 1639 1396 tunicam
1665 1340 1987 1416 palmatam
2018 1351 2076 1397 et
2103 1351 2305 1417 togam
2332 1341 2586 1418 pictam3

436 1421 597 1501 quod
645 1442 763 1478 non
817 1419 1083 1479 admitto.
1167 1424 1378 1487 Florus
1419 1424 1453 1484 1
1501 1424 1538 1487 5
1579 1433 1889 1503 utramque
1942 1434 2170 1481 vestem
2215 1426 2369 1481 inter
2411 1443 2587 1482 oma-

435 1517 633 1564 menta
669 1503 1048 1586 triumphalia
1078 1516 1144 1564 ut
1173 1506 1508 1564 distinctam
1538 1509 1735 1585 ponit,
1780 1519 1837 1564 et
1869 1510 2104 1566 Verrius
2137 1506 2294 1586 apud
2326 1509 2589 1567 Plinium

436 1595 516 1655 38
563 1596 622 1654 8.
706 1592 820 1647 lul.
855 1592 1103 1669 Capitol.
1139 1590 1486 1651 Gordianis:
1519 1591 1863 1669 palmatam
1891 1595 2154 1650 tunicam
2185 1604 2240 1649 et
2263 1603 2464 1672 togam
2484 1595 2590 1671 pi-

440 1685 599 1732 ctam
633 1677 863 1751 primu-5
901 1676 1310 1734 Romanorum
1338 1677 1619 1754 privatus
1652 1697 1825 1734 suam
1856 1676 2085 1735 habuit.
2175 1680 2307 1735 Liv.
2346 1680 2427 1739 30
2473 1678 2589 1742 15:

442 1761 828 1817 Masinissam
854 1780 1035 1817 aurea
1062 1782 1276 1820 corona
1278 1804 1303 1832 ,
1344 1782 1528 1819 aurea
1558 1772 1800 1838 patera,
1846 1760 1995 1818 sella
2028 1761 2227 1818 curuli
2256 1772 2310 1817 et
2334 1762 2591 1838 scipione

443 1843 714 1914 eburneo,
771 1855 908 1922 toga
937 1848 1107 1921 pieta
1152 1857 1207 1903 et
1244 1848 1448 1903 tunica
1472 1845 1753 1923 palmata
1793 1845 1994 1903 donat.
2086 1849 2135 1903 si
2187 1847 2358 1925 plura
2401 1848 2586 1925 cupis,

440 1930 572 2007 lege
597 1929 954 1987 Macrobium
984 1931 1276 1999 Satur-nal.
1325 1933 1356 1992 1
1405 1934 1443 1994 9
1464 1974 1479 2002 ‚
1524 1932 1839 2008 Vopiscum
1866 1931 2214 2003 Aureliano,
2258 1930 2588 1987 Martialem

439 2018 478 2079 7
526 2017 557 2076 1
578 2059 593 2089 ,
637 2013 946 2081 Sidonium
975 2035 1152 2085 carm.
1187 2017 1224 2078 5
1242 2061 1259 2089 ,
1305 2027 1362 2073 et
1388 2015 1552 2072 alios.
1639 2015 1879 2072 elavata
1908 2012 2054 2072 haec
2078 2006 2285 2073 eadem
2309 2018 2433 2073 sive
2465 2016 2589 2072 cla-

439 2102 527 2156 vis
585 2110 708 2157 erat
767 2097 1040 2158 distincta
1098 2103 1289 2159 aureis
1327 2102 1760 2179 argenteisque.
1846 2100 2053 2157 Festus
2093 2101 2224 2157 loco
2267 2102 2470 2175 citato,
2531 2110 2590 2156 et

435 2184 593 2247 lib.,3
620 2186 683 2241 in
722 2184 994 2249 Clavum.
1083 2186 1320 2262 Ulpian.
1349 2188 1422 2242 lc
1446 2185 1552 2241 lib.
1578 2188 1659 2247 23
1691 2183 1756 2241 ff.
1787 2180 1861 2240 de
1890 2203 2031 2241 auro
2059 2193 2117 2240 et
2145 2193 2384 2260 argento
2417 2184 2586 2262 lega-

436 2272 532 2324 tis.
619 2269 882 2325 luvenal.
931 2273 1042 2331 10:
1094 2268 1384 2348 offendere
1423 2280 1504 2325 tot
1543 2268 1833 2346 caligatoe
1865 2268 2033 2324 milia
2074 2268 2396 2324 clavorum.
2488 2270 2590 2347 qui

439 2353 604 2409 locus
651 2350 933 2410 hactenus
985 2355 1197 2410 criticis
1247 2351 1752 2410 inanimadversus
1783 2354 2092 2430 insigniter
2132 2354 2358 2410 restitui
2395 2362 2590 2430 potest

440 2456 552 2515 ope
579 2455 671 2494 ms
699 2438 1123 2515 antiquissimi,
1165 2439 1228 2494 in
1256 2457 1372 2517 quo
1399 2439 1549 2494 clare
1577 2439 1662 2494 sic
1690 2437 2147 2515 concipiebatur:
2193 2436 2484 2517 offendere
2509 2446 2592 2493 tot

440 2521 695 2599 caligae,
743 2531 827 2577 tot
865 2520 1034 2579 milia
1070 2522 1394 2581 elcworum.
1502 2534 1657 2580 recte
1696 2524 1902 2602 procul
1947 2519 2157 2579 dubio:
2216 2523 2376 2598 prior
2415 2521 2590 2578 lectio
2625 2552 2633 2564 ·

441 2604 641 2684 phrasi
672 2609 892 2664 Graeca
923 2608 1144 2684 placuit
1168 2611 1361 2684 magis
1386 2610 1541 2676 claro
1571 2611 1697 2665 viro
1735 2606 1864 2665 Ioh.
1901 2605 2169 2665 Cordano
2202 2609 2275 2665 10
2309 2617 2367 2664 et
2399 2604 2588 2665 sodali

423 2689 589 2756 ,mihi
615 2693 789 2749 unice
816 2689 1048 2748 dilecto.
1133 2694 1412 2751 Demsr.

605 2779 747 2841 278.
830 2777 1136 2853 legebatur
1182 2788 1315 2838 ante
1360 2787 1522 2834 necto
1556 2796 1732 2846 auro,
1793 2777 1957 2835 nullo
2000 2796 2196 2835 sensu.
2282 2784 2422 2854 puto
2469 2776 2591 2853 legi

438 2872 638 2940 posset
686 2881 831 2918 nexo
870 2881 1044 2933 auro,
1084 2860 1149 2919 id
1189 2873 1276 2919 est
1315 2863 1551 2919 intexto.-
1597 2881 1811 2918 aurum
1831 2865 1990 2918 enim
2015 2860 2324 2919 admisceri
2353 2860 2592 2918 solitum

436 2948 828 3026 imperatoriis
872 2947 1087 3004 trabeis
1127 2948 1329 3005 multis
1363 2944 1593 3005 ostendi
1622 2944 1699 3003 ad
1727 2945 1878 3003 illud
1907 2945 2247 3020 Claudiani,
2291 2964 2441 3026 quae
2471 2963 2592 3003 non

435 3029 535 3089 hic
559 3028 963 3106 exscribenda,
987 3052 1205 3110 graves
1228 3053 1376 3090 auro
1401 3031 1653 3089 trabeas.
1698 3033 1978 3091 Dssursr.
2066 3053 2208 3089 nexo
2233 3032 2460 3088 restitui
2485 3049 2591 3106 pro

436 3128 616 3175 necto.
705 3118 891 3174 Rrrr.

600 3200 682 3259 ib.
771 3199 896 3258 vidi
932 3203 1035 3281 qui
1069 3213 1226 3259 cocto
1254 3202 1493 3274 mallet,
1536 3212 1600 3258 ut
1634 3204 1674 3262 2
1725 3198 1861 3263 114.
1947 3197 2049 3257 sed
2077 3199 2241 3255 nulla
2268 3196 2590 3254 mutatione

441 3305 618 3364 opus,
683 3305 820 3344 cum
863 3297 1027 3345 necto
1074 3305 1215 3344 auro
1260 3285 1600 3363 frequenter
1639 3296 1866 3340 veteres
1905 3286 1967 3340 in
2001 3285 2350 3341 vestimenta
2402 3280 2592 3338 abusi.

424 3372 749 3448 ,Virgiliusz
793 3381 848 3427 et
876 3372 1168 3439 ttmicam,
1210 3369 1380 3427 molli
1405 3379 1592 3424 mater
1621 3388 1801 3445 quam
1828 3379 2061 3424 neverat
2086 3389 2253 3425 aum.
2343 3384 2593 3425 consue-

440 3456 602 3533 tique
629 3464 795 3521 erant
814 3475 1017 3515 versus
1042 3467 1101 3513 et
1124 3455 1265 3512 talia
1287 3454 1652 3512 vestimentis
1675 3448 1900 3522 indere,
1939 3462 2004 3507 ut
2032 3473 2109 3508 ex
2138 3453 2400 3509 Ausonio
2427 3449 2592 3505 aliis-

441 3557 558 3616 que
588 3549 816 3597 notum.
856 3543 1101 3600 Ban‘ru.
1186 3540 1318 3617 lege
1358 3549 1489 3596 neto
1529 3556 1706 3606 auro,
1748 3533 2248 3614 quemadmodum
2277 3535 2593 3591 coniecisse

439 3622 614 3681 video
643 3626 951 3682 Heinsium
979 3624 1056 3683 ad
1086 3623 1256 3684 Ovid.
1287 3627 1350 3681 in
1376 3624 1507 3681 Ibin
1537 3623 1640 3686 74.
1725 3622 1964 3677 Voncx.

417 3767 424 3778 .
604 3711 751 3773 281.
834 3712 979 3789 acu]
1021 3720 1230 3768 notum
1274 3728 1353 3766 ex
1378 3709 1575 3766 Plinio
1600 3702 1825 3763 Isidoro
1855 3715 1911 3761 et
1938 3704 2068 3760 aliis
2102 3702 2468 3781 Phrygiones
2500 3697 2595 3758 di·-

442 3803 563 3852 ctos
597 3815 797 3853 omnes
825 3798 928 3875 qui
954 3815 1061 3854 acu
1090 3799 1432 3874 pingerent,
1479 3789 1639 3873 quod
1665 3792 1856 3868 prima
1893 3791 2018 3847 eius
2055 3790 2141 3846 rei
2166 3788 2284 3844 illis
2314 3784 2596 3844 debeatur

421 3880 754 3944 inventio„
810 3881 1112 3939 Titinnius
1163 3880 1451 3938 Barbato:
1512 3877 1780 3955 Phrygio
1810 3875 1922 3955 fici
1949 3876 2177 3950 primo,
2237 3871 2490 3950 beneque
2532 3870 2601 3925 id

444 3982 591 4038 opus
617 3967 784 4023 scivi.
829 3965 1046 4043 reliqui
1071 3987 1217 4023 acue
1242 3968 1521 4041 ociusque
1546 3962 1682 4019 hero
1706 3971 1883 4039 atque
1907 3959 2082 4016 herae
2106 3969 2353 4036 nostrae.
2401 3956 2596 4014 Valer.

427 4047 636 4114 ‚Finem
683 4052 1005 4126 Argonaut.
1047 4056 1116 4114 2:
1165 4048 1294 4106 illic
1333 4050 1552 4105 servati
1582 4048 1866 4126 genitoris
1905 4045 2136 4122 con-ecia
2175 4064 2350 4101 sacra
2380 4040 2599 4117 pressit

444 4149 576 4186 acu.
666 4135 890 4190 Lucan.
925 4137 1037 4198 10:
1079 4134 1240 4215 quod
1279 4133 1501 4190 Nilotis
1534 4154 1679 4190 acue
1718 4150 2108 4209 compressum
2136 4131 2367 4208 pectine
2401 4141 2596 4182 cerum

439 4213 631 4272 solvit.
703 4218 997 4278 *Dameam

609 4303 751 4365 283.
839 4321 1072 4361 cannen
1095 4302 1210 4363 hoc
1235 4306 1317 4362 ita
1343 4323 1614 4383 perverse
1645 4312 1702 4358 et
1723 4300 1876 4358 salso
1893 4344 1910 4372 ,
1952 4301 2017 4356 ni
2042 4299 2219 4356 fallor
2245 4312 2353 4370 ego
2370 4335 2385 4363 ,
2427 4290 2595 4365 lege-

441 4383 642 4441 batur:
688 4397 756 4443 ut
782 4389 970 4444 omnis
999 4375 1290 4465 ahpiciem
1317 4411 1385 4447 ea
1418 4409 1663 4466 corpora
1696 4406 1834 4444 vera
1853 4395 2113 4464 putaret.
2204 4389 2464 4436 ceterum
2494 4376 2596 4431 lu-
