3210 5200
922 348 1037 413 DE
1086 347 1494 415 LAUDIBUS
1542 347 1872 415 IUSTINI.
2328 347 2476 419 407

328 515 491 576 diani
522 510 1043 591 locum‘adscripsi
1066 532 1187 570 non
1214 521 1283 570 ut
1305 515 1541 592 publice
1569 515 1673 572 ille
1704 533 1863 571 nunc
1879 558 1896 587 ,
1940 511 2045 573 sed
2072 522 2136 570 ut
2162 515 2224 570 in
2249 533 2341 572 ms
2375 535 2478 573 co-

329 600 457 659 dice
500 601 747 678 legitur,
792 617 973 677 quem
1012 617 1121 656 nos
1162 597 1441 655 collatum
1479 618 1615 657 cum
1655 600 1785 656 aliis
1814 597 1891 655 ad
1921 596 2241 656 secundam
2267 598 2480 657 editio-

324 705 467 744 nem
499 685 990 743 examinavimus.
1072 685 1317 741 EAM-n.

495 769 598 832 36.
681 769 1010 825 miserrime
1048 764 1146 825 hic
1189 786 1392 825 versus
1433 767 1840 865 nuncubatur,
1905 769 1992 825 sic
2030 769 2094 824 in
2134 768 2480 844 exemplari,

332 873 450 935 quo
494 872 629 911 sum
665 872 838 926 usus,
895 863 1240 930 conceptus.
1305 872 1434 921 nos,
1497 854 1598 909 cui
1640 851 1871 922 mellus,
1924 854 2014 908 ait
2067 851 2254 922 salve,
2286 863 2482 928 pater.

333 939 566 996 restitui
591 934 705 995 hoc
733 948 937 1015 pacto:
981 958 1087 994 nos·
1117 939 1280 1015 queis
1307 935 1480 993 ηιιῖῖα
1509 936 1676 992 salus
1705 938 1829 993 sine
1859 946 1930 992 te.
1980 937 2255 994 Dssmsr.
2346 955 2488 992 con-

333 1024 651 1080 taminatos
692 1042 820 1080 esse
859 1019 968 1079 hos
1013 1041 1216 1080 versus
1245 1041 1338 1079 res
1371 1022 1501 1098 ipsa
1524 1022 1932 1078 testimonium
1961 1019 2121 1077 dicit.
2205 1040 2349 1077 nam
2376 1041 2488 1078 ex-

337 1107 626 1184 pletiones
664 1107 995 1184 interpretis
1037 1104 1190 1163 nihil
1232 1125 1430 1163 moror
1464 1104 1577 1164 hoc
1618 1106 1748 1163 loco
1771 1124 1800 1163 :-
1847 1116 1985 1163 sunt
2038 1107 2196 1162 enim
2237 1108 2491 1162 nimium

338 1189 716 1249 confidentes.
803 1201 1023 1248 certum
1058 1201 1257 1248 autem
1277 1234 1294 1264 ,
1350 1188 1532 1269 idque
1578 1209 1750 1248 caeco
1796 1200 1996 1269 patere
2039 1199 2263 1267 potest,
2325 1210 2490 1248 com-

334 1273 616 1333 mendare
662 1275 898 1354 Corippi
945 1294 1043 1332 ore
1084 1277 1376 1333 Iustinum
1415 1275 1727 1332 caelestem
1771 1277 1986 1348 vitam,
2043 1294 2316 1352 spemere
2365 1277 2490 1333 eius

336 1361 768 1438 comparatione
802 1361 977 1418 istam
1005 1358 1286 1418 caducam
1310 1368 1367 1416 et
1393 1361 1789 1416 transituram.
1873 1357 2026 1416 illud
2059 1379 2198 1416 vero
2239 1379 2359 1416 non
2396 1361 2490 1417 vi-

337 1441 424 1500 dit
461 1442 743 1502 hactenns
780 1446 1109 1523 quispiam,
1153 1445 1342 1501 solem
1383 1445 1695 1501 caelestem
1731 1445 1903 1500 illum
1937 1446 1999 1501 in
2034 1440 2148 1500 hac
2182 1462 2489 1521 compara-

336 1530 495 1585 tione
541 1527 734 1586 dicere
775 1527 952 1586 deum
990 1530 1214 1606 ipsum,
1257 1547 1463 1584 verum
1498 1530 1779 1585 nimirum
1812 1531 1966 1585 vitae
2005 1529 2212 1586 solem.
2298 1538 2356 1585 at
2385 1528 2489 1586 ubi

338 1609 454 1669 hoc
479 1614 825 1687 constiterit,
868 1624 935 1670 nt
965 1624 1228 1672 constare
1258 1614 1463 1670 lectori
1493 1610 1707 1670 debet?
1757 1611 2104 1671 inducemus
2130 1614 2301 1670 illum
2326 1613 2493 1669 nullo

337 1698 609 1773 negoti0,
650 1708 718 1754 ut
758 1699 1029 1756 voculam
1068 1719 1173 1754 nos
1215 1700 1486 1776 sequenti
1529 1717 1705 1755 versu
1748 1700 1925 1754 etiam
1954 1708 2282 1775 corruptam
2314 1695 2489 1770 dicat,

339 1790 444 1837 aut
494 1783 815 1839 consentiat
857 1780 1201 1840 dicentibus.
1287 1781 1508 1839 scribe.
1572 1791 1627 1838 et
1649 1781 1884 1858 frueris
1916 1781 2150 1837 meliore
2192 1781 2323 1852 die,
2381 1778 2491 1838 sab

339 1864 563 1922 lumine
583 1865 747 1936 εοῖὶθ,
789 1886 904 1924 nox
930 1887 1027 1924 cut
1020 1866 1219 1924 nulla
1247 1868 1422 1923 savit.
1511 1885 1625 1922 nec
1650 1885 1789 1922 vero
1812 1868 2156 1923 inusitatum
2186 1866 2282 1922 vel
2313 1868 2493 1924 sacris

339 1949 550 2009 litteris
582 1950 679 2009 vel
717 1952 849 2010 aliis
888 1953 1003 2030 piis
1031 1952 1406 2030 scriptoribus
1440 1951 1631 2009 solem
1667 1948 1861 2006 dicere
1899 1948 2097 2006 deum.
2169 1969 2333 2008 sacra
2363 1952 2496 2009 loca

339 2036 524 2092 cuivis
545 2037 610 2092 in
634 2047 930 2115 promptu.
1013 2035 1298 2095 Boethius
1333 2036 1568 2094 Consol.
1598 2034 1639 2097 5
1682 2038 1754 2096 2:
1800 2055 1917 2090 uno
1957 2035 2168 2090 mentis
2210 2037 2398 2091 cernit
2431 2037 2500 2092 in

338 2120 463 2176 ictu
477 2161 501 2217 '.
542 2140 695 2198 quae
731 2124 888 2192 sint,
931 2141 1084 2199 quae
1107 2121 1351 2199 suerint
1392 2123 1788 2197 veniantque·
1761 2162 1783 2192 ,
1832 2139 2042 2197 quem,
2084 2121 2226 2197 quia
2264 2121 2504 2195 respicii

338 2204 541 2261 omnia
583 2204 744 2261 solus
754 2246 780 2274 ,
835 2224 1040 2263 verum
1072 2207 1267 2280 possis
1313 2203 1501 2261 dicere
1542 2203 1742 2260 solem.
1837 2200 2203 2261 Gaudentius
2246 2204 2504 2260 Tracta-

340 2290 506 2346 tione
542 2288 613 2348 1:
673 2287 973 2365 oportebat
1012 2291 1165 2345 enim
1203 2287 1381 2344 solem
1425 2290 1682 2343 ἰιιειιιίαε
1727 2286 2024 2345 Christum
2058 2297 2112 2343 et
2142 2287 2501 2344 Iudaeorum

344 2370 663 2449 caliginem
707 2382 763 2428 et
797 2373 1051 2471 rigorem
1100 2371 1426 2429 Gentilium
1442 2413 1468 2441 ,
1518 2382 1658 2428 ante
1711 2372 1980 2429 ardorem
2016 2371 2228 2450 fictur-i
2268 2372 2505 2441 indicti,

334 2455 583 2534 placido
609 2458 1040 2514 remur-action&
1059 2477 1205 2514 suae
1227 2456 1449 2513 lumine
1474 2456 1784 2513 dimovere.
1843 2455 2171 2515 Tichonius
2197 2458 2398 2534 regula
2424 2461 2501 2519 7:

252 2616 257 2621 .
344 2543 432 2599 sic
486 2550 544 2597 et
597 2540 869 2599 dominus·
903 2542 1047 2599 deus
1086 2551 1278 2598 noster
1326 2541 1491 2598 Iesus
1542 2540 1808 2602 Christzw
1847 2540 1940 2599 sol
1970 2552 2242 2598 aeternus
2241 2552 2503 2621 partem

345 2645 521 2683 suom
534 2630 855 2702 percurrit,
897 2627 1056 2685 unde
1078 2637 1133 2683 et
1154 2626 1546 2684 meridianum
1573 2638 1764 2684 vocat.
1811 2629 2009 2705 Drogo
2039 2625 2111 2684 de
2138 2636 2506 2685 sacramento

347 2712 641 2788 passionis
661 2711 767 2767 lib.
787 2715 854 2773 1:
899 2709 1103 2768 beatus
1126 2720 1349 2781 autem,
1379 2713 1486 2789 qui
1506 2711 1721 2789 vigilat
1742 2711 1828 2768 ad
1844 2722 2282 2769 monumentum
2307 2722 2506 2780 tuum,

350 2806 408 2852 et
445 2795 699 2853 custodit
741 2806 821 2865 te,
864 2805 922 2851 et
967 2795 1229 2852 ῖιιοιαιιιν
1267 2815 1439 2852 mane
1474 2816 1611 2852 cum
1636 2794 1877 2874 Angelo
1902 2797 2357 2866 resurrectionis,
2398 2814 2513 2851 nec

348 2879 597 2937 dimittit
625 2899 757 2936 eum
758 2922 784 2950 ,
826 2879 1012 2937 donec
1041 2881 1255 2938 audiat
1277 2879 1516 2959 aliquid
1541 2880 1614 2938 de
1637 2883 1869 2937 nomine
1903 2883 2051 2952 eius,
2094 2881 2256 2960 quod
2281 2890 2364 2937 est
2388 2882 2506 2937 mb-

346 2962 539 3021 rabile
552 3007 576 3034 ,
636 2974 705 3020 ιιι
736 2975 792 3020 et
826 2984 1036 3023 nomen
1074 2964 1254 3024 Iacob
1289 2976 1672 3023 commutetur
1699 2967 1765 3022 in
1799 2965 2022 3036 Israel,
2077 2977 2132 3022 et
2168 2966 2510 3022 transmisso

347 3068 527 3106 amne
583 3048 801 3105 doloris
852 3052 1056 3107 statim
1097 3052 1327 3107 oriatur
1366 3053 1421 3107 ei
1458 3050 1550 3107 sol
1594 3052 1873 3108 ιἰιειίιίασ.
1962 3049 2149 3108 Idiota
2195 3050 2298 3106 lib.
2345 3053 2378 3110 1
2431 3047 2510 3104 de

351 3152 553 3191 amore
600 3132 835 3192 divino:
894 3155 927 3191 o
971 3134 1202 3192 domine
1242 3136 1378 3192 lesu
1429 3134 1654 3192 Christe
1673 3178 1695 3205 ,
1757 3135 1885 3206 sol,
1927 3135 2082 3192 unde
2100 3134 2316 3209 fluunt
2351 3132 2516 3189 radii

351 3219 595 3287 amori-3,
639 3229 868 3295 quanta
909 3221 1148 3276 insania
1178 3218 1397 3295 plenus
1441 3230 1527 3274 est
1564 3218 1669 3275 ille
1694 3222 1802 3296 qui
1832 3218 2195 3276 solummodo
2222 3238 2282 3274 se
2315 3216 2511 3295 ipsum

351 3303 561 3358 annot!
616 3303 938 3360 Martianus
967 3303 1207 3380 Capella
1237 3321 1343 3379 per
1370 3302 1557 3359 solem
1584 3304 1758 3358 illum
1787 3301 1904 3359 diei
1929 3305 2390 3360 illuminatorem
2418 3302 2513 3358 al-

354 3395 549 3442 terum
590 3405 795 3443 verum
836 3388 1023 3445 solem
1065 3390 1350 3443 innuens:
1397 3406 1569 3463 quem
1610 3388 1871 3443 vocitant
1905 3388 2083 3444 solem
2117 3388 2312 3455 Latii,
2356 3384 2523 3462 quod

354 3468 525 3525 solus
541 3468 753 3526 honore
772 3482 915 3547 post
930 3482 1169 3548 patrem
1196 3473 1277 3528 sis
1308 3469 1460 3525 lucis
1485 3490 1656 3547 apex.
1747 3472 2003 3529 Iustinus
2032 3471 2410 3527 Confessione
2440 3467 2516 3525 de

354 3554 682 3612 Trinitate:
748 3552 904 3615 οὕτω
963 3579 1064 3633 μοι
1106 3550 1235 3617 νόει
1280 3549 1380 3614 τὸν
1428 3557 1537 3631 τῆς
1579 3550 1963 3630 δικαιοσύνης
2005 3549 2177 3632 ἥλιον
2217 3557 2364 3613 πᾶσι
2408 3549 2517 3630 μὲν

356 3636 567 3714 ἐπίσης
612 3631 746 3698 κατ’
791 3633 1003 3700 ουσίαν
1055 3662 1157 3702 ατε
1200 3635 1276 3717 δη
1320 3633 1473 3699 θεὸν
1516 3662 1673 3700 οντα.
1759 3641 2093 3718 pariterque
2137 3634 2240 3693 alii
2282 3636 2517 3695 infiniti.

354 3724 605 3780 BAnrn.
714 3724 877 3780 savit
912 3727 1150 3803 antiqua
1195 3726 1477 3802 scriptura
1523 3722 1684 3780 subit
1715 3724 1891 3781 valet.
1950 3726 2197 3781 But-ru.
2307 3718 2523 3780 horum

357 3826 636 3866 versuum
660 3808 969 3865 mirificam
998 3812 1424 3867 restitutionem
1444 3806 1686 3866 Barthio
1715 3807 1911 3865 debes.
1996 3810 2191 3865 Foco.

527 3894 628 3953 36.
712 3893 866 3950 ναῖε.
956 3896 1290 3959 Brissouius
1321 3904 1379 3950 et
1412 3895 1513 3950 alii
1540 3894 1890 3951 formulares
1920 3895 1981 3948 iu
2004 3892 2310 3950 funeribus
2345 3902 2519 3949 nota-

363 3983 502 4030 runt
532 3992 659 4032 esse
692 3974 799 4034 has
827 3997 1037 4053 voces,
1080 3977 1270 4047 salve,
1313 3977 1466 4035 vale.
1556 3977 1846 4036 Artemid.
1880 3982 1908 4039 1
1957 3980 2072 4050 85,
2115 3980 2266 4035 Aen.
2303 3979 2372 4039 11
2418 3977 2519 4048 97,

363 4059 580 4114 Donat.
623 4072 931 4135 grammat.
962 4066 1024 4120 in
1058 4061 1347 4120 Andriam
1373 4073 1484 4120 act.
1516 4062 1556 4127 4
1589 4082 1671 4121 sc.
1701 4067 1796 4136 2,.
1819 4064 1985 4121 Serv.
2014 4060 2090 4119 ad
2117 4064 2267 4119 Aen.
2300 4064 2374 4122 3:
2416 4079 2522 4115 ειι-

356 4159 633 4218 premum
659 4162 798 4200 νοοε
827 4148 1062 4205 alemus.
1108 4150 1386 4206 Dsmsr.
1473 4147 1552 4206 ad
1577 4157 1843 4206 veterum
1869 4148 2394 4204 conclamationem
2423 4163 2520 4199 re-

364 4226 627 4302 spiciunt
671 4226 836 4287 salve
877 4241 936 4290 et
975 4232 1127 4290 ναῖε.
1218 4232 1497 4310 Virgilius
1523 4236 1598 4295 2:
1643 4230 1809 4290 εαῖνε
1848 4242 2148 4289 aeternum
2176 4228 2347 4297 mihi,
2391 4246 2524 4282 ma·-

367 4310 526 4367 xime
551 4310 767 4384 Palla,
801 4325 1215 4397 aeternumque
1240 4317 1374 4378 ναῖε
1371 4359 1400 4389 ,
1442 4315 1603 4398 quod
1638 4336 1778 4379 vero
1814 4318 1897 4376 ait
1922 4316 2086 4376 idem
2112 4325 2528 4389 aeternumque
