3210 5200
1026 356 1547 447 lonmmnos
1596 380 1757 446 Lm.
1801 380 1920 447 v1.

352 548 475 617 375
515 543 870 623 Caeciliam,
905 526 1152 604 numero
1176 546 1396 626 pariter
1419 544 1733 604 comitante
1759 524 1942 604 feroci

517 653 844 724 victorum‚·
884 646 1212 726 egreditur,
1258 650 1471 729 quibus
1503 646 1601 706 hic
1625 649 1841 706 virtute
1869 648 2161 727 placebat.

517 754 707 810 forma
734 752 845 809 viri
873 770 1093 829 magno
1122 752 1314 808 suerat
1339 751 1461 807 iam
1487 759 1628 807 nota
1657 752 1962 828 magistro,

519 873 638 911 non
665 854 862 911 minor
884 852 1189 912 Herculeis
1218 862 1593 931 prosternens
1625 854 1847 911 viribus
1877 851 2100 912 hostes.

518 953 617 1013 hic
641 956 882 1013 levitate
910 955 1090 1029 celer,
1132 956 1316 1014 nimia
1347 957 1562 1014 virtute
1593 953 1955 1029 tremendus,

349 1059 476 1124 880
517 1057 760 1115 consilio
788 1068 1054 1115 maturus
1084 1067 1227 1116 erat.
1310 1058 1609 1115 Maurusia
1637 1076 1980 1137 quanquam

517 1157 823 1217 obsidione
850 1161 975 1216 vias
1006 1178 1151 1236 gens
1178 1155 1384 1237 aspera
1416 1156 1706 1217 clauserat
1733 1178 1961 1234 omnes,

512 1260 618 1319 ille
641 1269 841 1317 tamen
865 1262 1076 1317 melior
1102 1262 1324 1319 cunctis
1348 1271 1714 1338 percusserat
1741 1265 1920 1320 armis

514 1380 692 1440 saepe
723 1362 878 1420 feras
910 1372 1137 1441 gentes.
1221 1364 1460 1420 tremuit
1486 1371 1811 1440 prostratus
1839 1365 2105 1442 llasguas

514 1465 704 1521 Marte
730 1464 952 1538 virum,
996 1465 1239 1522 tremuit
1264 1466 1487 1521 Frexes
1515 1473 1574 1520 et
1598 1462 1805 1522 Naffur
1834 1464 2113 1542 anhelus3

345 1568 473 1635 885
512 1564 870 1628 vandalicae
897 1567 1089 1643 gentis
1119 1567 1318 1623 timuit
1340 1576 1481 1624 tunc
1504 1566 1610 1624 ille
1638 1567 1947 1643 tyrannus.

516 1668 708 1747 diligit
735 1666 896 1726 hunc
922 1670 1135 1726 fortem
1163 1669 1418 1725 nimium
1443 1678 1613 1746 pater
1638 1668 1764 1744 ipse
1790 1671 2091 1745 magister.

515 1774 644 1852 ipse
665 1771 1034 1829 laborantem
1057 1772 1309 1849 propriis
1340 1771 1648 1849 prospexit
1674 1769 1736 1824 in
1761 1773 1974 1829 annis:

515 1875 796 1933 nimirum
832 1883 1030 1950 captos
1063 1874 1317 1950 suscepit
1341 1874 1526 1929 Marte
1552 1871 1802 1930 rebelles
1923 1858 1928 1861 ’

514 1977 677 2034 illius
701 1996 734 2032 e
758 1974 1052 2032 manibus.
1134 1961 1302 2032 novit
1324 1976 1590 2031 Romana
1617 1974 1892 2033 iuventus

345 2064 493 2147 890'
512 2079 686 2137 fortia
716 2077 871 2136 sacta
901 2076 1042 2150 viri,
1083 2076 1262 2134 tantis
1293 2076 1496 2152 gavisa
1520 2054 1796 2152 tropaeis.

511 2198 651 2257 ergo
680 2179 894 2236 missus
923 2179 1064 2236 abit.
1146 2177 1318 2237 Vinci
1346 2177 1661 2255 populator
1683 2179 1922 2259 iniquus

513 2302 650 2340 arva
678 2292 886 2338 tenens
917 2281 1111 2337 vicina
1135 2279 1316 2353 mari,
1362 2298 1600 2337 securus
1629 2291 1689 2336 et
1716 2301 1915 2340 errans

512 2384 711 2442 omnia
743 2383 1049 2467 submissis
1076 2382 1285 2440 urebat
1312 2378 1551 2459 praedia
1577 2381 1852 2440 flammis.

513 2495 800 2563 temperat
823 2485 928 2541 ille
959 2502 1096 2542 suas
1127 2483 1318 2541 noctis
1348 2501 1456 2560 per
1490 2500 1672 2559 opaca
1702 2484 1978 2559 latebras,

344 2591 472 2659 395
513 2590 912 2667 sollicitaeque
952 2585 1109 2643 celer
1147 2585 1425 2643 successit
1456 2585 1767 2644 moenibus
1803 2587 1966 2645 urbis

512 2690 713 2750 hostes
736 2710 844 2769 per
863 2685 1130 2746 medios:
1173 2694 1337 2743 tanta
1368 2695 1456 2744 est
1480 2684 1692 2743 fiducia
1724 2688 1886 2746 ferri.

510 2813 630 2852 non
653 2795 856 2870 ignota
873 2787 1053 2848 cano.
1137 2789 1336 2846 timuit
1359 2808 1480 2845 non
1512 2789 1616 2845 ille
1639 2791 1928 2867 periclum

512 2916 618 2975 pro
648 2895 835 2973 patria
863 2911 1140 2971 superare
1169 2907 1310 2950 sua:
1354 2892 1440 2948 sic
1464 2894 1624 2948 iussa
1650 2894 1918 2970 magistri

512 2997 787 3077 perficere
817 3005 875 3052 et
904 3004 1097 3052 tantos
1124 2994 1318 3073 potuit
1344 2991 1586 3050 sufferre
1611 2981 1865 3053 labores.

342 3099 472 3168 400
511 3097 840 3177 ingreditur
866 3105 1090 3174 portas,
1135 3094 1319 3154 hostis
1349 3106 1571 3154 secreta
1596 3099 1863 3176 requirit,

515 3203 719 3259 circuit
752 3197 995 3256 hostiles
1027 3195 1325 3275 digressus
1352 3201 1415 3256 in
1446 3198 1651 3256 ordine
1678 3202 1889 3275 fossas,

515 3302 928 3381 cognoscitque
953 3300 1114 3357 locos
1140 3320 1248 3377 per
1277 3302 1463 3358 amica
1496 3301 1728 3359 silentia
1755 3303 2032 3361 lustrans.

513 3402 655 3463 hinc
679 3401 830 3461 redit
860 3400 938 3459 ad
965 3403 1186 3459 socios:
1234 3420 1519 3479 magnum
1547 3406 1694 3480 petit
1717 3403 1858 3461 inde
1883 3408 2249 3482 magistrum.

513 3507 748 3586 iamque
775 3523 882 3583 per
909 3504 1249 3561 innumeras
1283 3512 1546 3560 evaserat
1576 3505 1703 3581 ipse
1735 3514 1998 3563 catervas

342 3603 470 3673 406
510 3604 876 3684 praedonum
905 3604 1259 3684 impavidus.
1345 3614 1661 3684 postquam
1689 3608 1938 3663 tentoria
1968 3607 2147 3685 longe

511 3707 936 3767 Marmaridum
960 3706 1145 3784 vidit,
1194 3726 1522 3787 saevaeque
1550 3707 1811 3786 pericula
1840 3709 2034 3785 gentis

512 3829 630 3868 non
661 3830 965 3888 superesse
992 3810 1143 3885 suis,
1189 3819 1248 3867 et
1270 3810 1492 3888 passim
1524 3812 1811 3887 comperit
1839 3808 2040 3876 hostes

513 3908 816 3970 devastare
842 3914 1032 3986 locos,
1077 3913 1308 3969 animus
1337 3913 1637 3989 consurgit
1663 3914 1725 3969 in
1755 3915 1936 3989 iram3

408 4075 415 4083 ,
514 4025 573 4072 et
597 4016 772 4073 sociis
801 4016 885 4072 sic
916 4033 1085 4072 orsus
1112 4016 1215 4072 ait.
1291 4007 1384 4072 “si
1414 4011 1567 4071 dicta
1595 4015 1865 4073 feremus

336 4195 453 4250 330
478 4197 705 4251 mam-isia
731 4200 781 4251 T
908 4197 1011 4253 384
1043 4198 1201 4251 srixes
1227 4201 1281 4249 ct
1302 4198 1484 4249 naufur
1513 4198 1564 4250 Τ
1690 4199 1790 4253 888
1823 4214 1880 4251 se
1900 4195 2061 4249 uirum
2090 4198 2141 4250 Τ

2374 364 2517 446 ’139

2269 4197 2371 4252 392
2404 4213 2514 4249 ma·-

338 4263 423 4318 ris
448 4265 494 4315 Τ
628 4269 729 4322 393
763 4266 922 4338 prelia
947 4270 996 4320 'I'
1143 4268 1244 4321 395
1280 4267 1528 4322 mentibus
1557 4268 1608 4322 T
1748 4268 1851 4322 399
1886 4275 1939 4321 ct
1958 4268 2080 4322 aad.
2103 4267 2166 4321 Μ
2299 4266 2401 4320 403
2431 4267 2524 4319 hic·

333 4334 519 4388 retulit
544 4337 593 4389 Τ
784 4337 914 4392 iud.
945 4336 1065 4394 inde
1084 4338 1211 4393 aad.
1236 4336 1312 4392 M.
1631 4365 1634 4368 1
