3210 5200
652 348 792 426 142
1278 346 1311 403 Γ
1564 352 1897 424 CORIPPI

641 521 765 587 480
808 518 1103 580 condolui.
1187 521 1313 579 illie
1342 540 1561 599 magua
1593 534 1795 581 tamen
1829 518 2297 580 mh-aoula'viclie

809 613 1065 703 namque
1094 625 1288 680 iacent
1313 623 1493 682 nullis
1523 624 1882 682 circumdata
1909 626 2144 682 moenia
2172 626 2376 700 muris,

808 724 1101 804 praesidio
1133 724 1358 783 munita
1387 724 1503 783 dei.
1589 746 1710 786 non
1741 730 1998 786 turribus
2024 729 2192 785 illam

811 825 993 885 ardua
1023 827 1249 904 pinnati
1279 826 1604 888 defendunt
1633 833 1890 888 culmina
1916 831 2079 887 tecti.

807 931 1164 987 mansuescit
1192 939 1398 1007 gentes
1426 933 1589 989 verbi
1620 936 1836 991 virtute
1867 930 2178 991 sacerdos:

644 1028 767 1096 485
810 1033 894 1088 sic
923 1041 1090 1109 parat
1120 1029 1406 1090 indociles
1435 1032 1704 1093 caelestis
1737 1037 1925 1112 gratia
1951 1043 2207 1092 mentes.

811 1134 914 1190 ille
940 1142 1131 1211 potest
1156 1134 1394 1191 monitis
1422 1134 1657 1194 rabidos
1680 1137 1865 1194 lenire
1891 1137 2096 1194 leones

812 1245 871 1292 et
895 1237 1126 1314 placare
1153 1235 1343 1309 feras3
1368 1248 1805 1295 .mausuescunt
1828 1236 2003 1295 corda
2030 1239 2329 1314 luporum,

813 1350 989 1419 atque
1019 1335 1209 1395 avidis
1235 1348 1468 1395 teneros
1498 1359 1618 1396 nou
1651 1337 1894 1397 laedunt
1924 1339 2216 1395 morsibus
2245 1357 2451 1415 agnos.

814 1439 1202 1519 hortaturque
1228 1440 1406 1496 simul
1424 1483 1440 1512 ,
1484 1441 1691 1500 iubeas
1713 1460 2026 1520 properare
2050 1439 2351 1520 sequendo

647 1541 770 1608 490
809 1544 1062 1622 proelia,
1105 1542 1387 1599 Romanis
1411 1542 1711 1601 confidens
1733 1562 2010 1621 prospera
2038 1544 2232 1600 rebus.

807 1647 860 1704 si
886 1646 1121 1717 venias,
1164 1645 1423 1702 lacrimis
1449 1664 1567 1702 nou
1599 1644 1829 1702 desinet
1853 1646 1955 1701 ille
1981 1642 2279 1722 precando

803 1766 912 1824 pro
939 1747 1175 1825 populis
1204 1750 1496 1825 armisque
1522 1747 1639 1804 tuis
1668 1746 1987 1825 castrisque
2014 1749 2263 1821 Latinis,

809 1866 1061 1907 exorans
1089 1848 1306 1925 iugiter
1329 1858 1558 1905 nostros
1590 1857 1654 1904 ut
1681 1857 1941 1904 conterat
1969 1844 2169 1905 hostes
2292 1842 2298 1850 ’

810 1951 1212 2027 omnipotens,
1262 1948 1633 2028 humiletque
1663 1958 1764 2004 tua
1795 1949 2009 2005 virtute
2034 1949 2338 2025 superbos.

641 2048 766 2117 495
807 2049 917 2109 hos
952 2071 1060 2129 ego
1095 2048 1392 2129 digressus
1416 2052 1604 2108 nimio
1631 2049 1841 2108 sudore
1870 2050 2120 2107 rebelles

811 2151 1066 2227 detinui,
1110 2156 1214 2233 qui
1242 2163 1447 2210 cuncta
1469 2153 1578 2211 tibi
1603 2163 1824 2211 secreta
1856 2153 2151 2210 resolvant

808 2256 1001 2333 gentis
1028 2254 1230 2335 iniqua
1256 2274 1429 2331 suae,
1475 2253 1842 2335 doceantque
1870 2273 1948 2310 ex
1979 2251 2185 2310 ordine
2216 2246 2546 2313 mentem.”

890 2358 1151 2415 Finierat
1176 2355 1353 2414 dictis
1371 2401 1387 2431 ,
1433 2376 1586 2437 quae
1613 2366 1906 2434 gesserat,
1950 2365 2080 2412 acta
2107 2355 2400 2414 tribunus.

807 2470 867 2518 at
893 2458 1099 2518 ductor
1128 2461 1353 2518 vinctos
1382 2456 1734 2516 iamdudum
1761 2458 1986 2514 lumine
2011 2467 2177 2514 torvo

640 2562 766 2629 600
808 2562 1137 2642 despiciens
1165 2564 1347 2621 iratus
1377 2564 1459 2621 ait
1491 2553 1638 2643 “qui
1664 2561 1963 2619 mentibus
1993 2554 2214 2617 ausus?
2300 2627 2304 2631 ,

810 2665 1017 2740 dicite,
1063 2665 1347 2723 furciferi.
1432 2684 1584 2746 quae
1615 2684 1721 2722 vos
1748 2683 1873 2721 sors
1903 2661 2030 2719 dira
2056 2662 2249 2739 coegit

805 2767 947 2827 hinc
973 2768 1227 2845 Libycos
1256 2767 1429 2825 bellis
1457 2770 1673 2825 iterum
1705 2785 1966 2823 remeare
1991 2785 2100 2843 per
2124 2782 2317 2842 agros,

808 2881 866 2927 et
902 2872 1113 2926 vetitas
1144 2879 1369 2925 tentare
1400 2871 1557 2941 vias,
1602 2869 1908 2945 solitisque
1938 2867 2159 2943 rapinis

803 2971 1139 3027 Poenorum
1166 2969 1419 3045 spoliare
1450 2966 1658 3025 domos
1685 2978 2008 3046 gentesque
2032 2963 2313 3024 Latinas?

641 3071 765 3139 505
807 3073 1093 3129 Carcasan
1128 3071 1336 3126 vicisse
1364 3067 1575 3148 putat?
1620 3089 1801 3149 quem
1820 3079 2088 3146 tempore
2116 3078 2273 3126 certo

808 3173 1079 3231 subiiciet
1107 3181 1239 3249 post
1267 3171 1424 3228 bella
1455 3169 1631 3246 deus,
1669 3175 2051 3251 vinctumque
2077 3167 2303 3227 videbit

806 3275 977 3354 plebs
1010 3275 1276 3331 Romana
1311 3274 1433 3331 suis
1468 3277 1948 3353 captivatumque
1978 3274 2086 3332 sub
2117 3275 2315 3330 armis.

730 3359 733 3368 ‘
806 3389 943 3436 aute
975 3377 1209 3449 tubam,
1262 3394 1559 3450 memora,
1605 3377 1739 3456 quis
1769 3386 2032 3433 mentem
2060 3385 2246 3432 terror
2272 3371 2471 3453 adegit

807 3478 1055 3537 insidias
1086 3488 1426 3558 vestrosque
1458 3476 1626 3536 dolos
1655 3476 2012 3557 fraudesque
2039 3479 2189 3533 tueri
2202 3469 2278 3534 ‘3⁹'

640 3584 766 3649 510
887 3583 1061 3639 Tunc
1084 3583 1380 3638 Nasamon
1404 3582 1683 3659 pinnatus
1712 3583 1794 3637 ait
1824 3573 1962 3636 “me
1990 3589 2197 3636 cuncta
2224 3577 2397 3635 fateri

802 3684 984 3742 iussio
1014 3681 1159 3740 dura
1184 3685 1419 3761 premit.
1504 3693 1759 3740 mortem
1783 3683 1922 3741 licet
1947 3684 2075 3760 ipsa
2100 3684 2399 3738 minentur

802 3786 982 3844 verba
1008 3783 1159 3842 mihi
1186 3789 1489 3860 meritam,
1533 3803 1777 3841 narrans
1807 3793 2007 3840 tamen
2039 3784 2236 3841 omnia
2261 3779 2478 3840 dicam·

808 3888 1096 3946 Cart-asan
1128 3890 1341 3946 nosti-Is
1372 3884 1499 3943 dux
1528 3895 1618 3943 est
1643 3885 1998 3941 fortissimus
2026 3884 2224 3940 armis.

801 3987 979 4046 huius
1009 3991 1073 4045 iu
1100 3992 1360 4067 auspicio
1388 3991 1573 4046 nostri
1602 4006 1737 4065 spes
1766 3988 2032 4043 maxima
2060 3984 2224 4061 regni
2255 3990 2363 4054 est,

635 4090 758 4158 515
804 4104 862 4150 et
887 4091 1200 4149 manifesta
1227 4099 1451 4147 manet.
1537 4091 1751 4146 cecinit
1779 4091 1864 4147 sic
1881 4087 2155 4165 gentibus
2177 4087 2436 4142 Amtnon

634 4243 738 4295 483.
769 4257 880 4293 uam
906 4241 1016 4293 MT
1202 4233 1312 4293 '494
1347 4237 1652 4306 humilesque
1677 4240 1727 4291 ‘1'
1917 4235 2021 4290 502
2052 4233 2192 4288 hue?
2381 4231 2486 4288 506
2519 4228 2731 4284 subicite
2762 4230 2814 4283 T

636 4311 738 4365 509
771 4318 971 4363 tuorum
999 4309 1049 4361 Τ
1251 4308 1355 4362 510
1388 4306 1630 4362 sadanma
1655 4308 1715 4361 Τ.
