3210 5200
1000 371 1529 441 IOHANNIDOS
1580 373 1737 440 LIB.
1785 374 1897 442 111.
2449 379 2545 453 63

524 556 810 598 concussa
839 538 1072 598 cervice
1100 539 1298 615 furor3
1349 542 1665 622 subitoque
1694 544 2041 602 tremiscens

524 642 840 714 conticuit,
886 652 1174 721 vastoque
1207 640 1285 700 ad
1312 654 1533 701 terram
1558 641 1823 722 pondere
1853 646 2047 720 fluxit,

522 755 582 803 et
613 741 866 802 dubium
893 763 1169 802 murmur
1202 742 1437 803 defessa
1463 766 1572 824 per
1601 765 1735 804 ossa
1764 748 2040 805 cucurrit.

355 844 477 911 145
519 847 635 922 sic,
677 846 783 904 ubi
813 844 1222 924 lymphigeros
1259 843 1497 903 deducit
1526 847 1723 904 fistula
1754 857 1975 906 tractus

521 967 656 1007 aere
684 966 829 1006 cavo
845 991 863 1021 ,
907 945 1173 1029 liquidus
1202 945 1349 1005 dum
1372 968 1612 1006 currens
1636 947 1907 1006 funditur
1932 953 2144 1024 amnis,

521 1068 698 1107 rauca
731 1068 950 1109 sonans
969 1093 987 1124 ,
1031 1050 1322 1127 placitum
1351 1051 1405 1110 si
1434 1048 1647 1107 fluctus
1675 1051 1883 1107 sistere
1914 1048 2144 1127 ductus,

525 1152 695 1209 obice
727 1161 993 1210 contorto
1026 1140 1300 1230 patulum
1327 1152 1487 1209 celer
1511 1161 1637 1210 arte
1665 1154 1952 1230 magister

524 1253 777 1311 obstruit
802 1255 995 1320 amnis
1025 1257 1171 1328 iter3
1215 1263 1427 1312 vertex
1454 1263 1761 1311 truncatur
1784 1273 2073 1334 aquarum

361 1351 483 1420 160
522 1355 793 1413 obicibus
822 1356 1073 1430 clausis,
1121 1353 1199 1413 ad
1223 1357 1453 1413 fontem
1482 1355 1678 1413 refluit
1703 1357 1917 1430 amnis,

524 1468 584 1515 et
611 1458 878 1537 reliquus
904 1458 1064 1517 fessa
1089 1460 1436 1517 transcurrit
1462 1458 1690 1516 rivulus
1720 1455 1903 1516 unda.

604 1562 929 1640 Responsis
953 1560 1186 1618 sublata
1211 1560 1383 1617 novis
1409 1556 1750 1639 gaudetque
1777 1561 2066 1639 siletque:

520 1682 779 1743 namque
809 1660 1058 1721 humilis
1082 1680 1230 1739 gens
1252 1662 1360 1719 illa
1386 1661 1523 1719 fuit.
1612 1672 1815 1719 tamen
1842 1663 2035 1718 omnis
2061 1660 2124 1717 in
2152 1663 2328 1724 illtun

521 1784 777 1845 spesque
809 1774 1125 1843 metusque
1155 1764 1308 1821 coit:
1353 1781 1589 1821 sacrum
1617 1772 1974 1842 servantque
2003 1762 2324 1848 foventque

353 1867 477 1935 155
517 1869 931 1948 promissoque
961 1865 1075 1923 sibi
1103 1865 1367 1923 fatorum
1395 1885 1644 1923 munere
1671 1863 1957 1943 gaudent.

608 1971 911 2049 Septimus
940 1977 1002 2024 et
1028 1965 1292 2025 decimus
1318 1977 1664 2025 nascentem
1693 1974 1959 2025 senserat
1988 1983 2199 2044 annus,

518 2092 657 2131 cum
684 2091 836 2150 puer
858 2070 1136 2128 infaustis
1162 2067 1427 2128 admovit
1449 2067 1696 2127 brachia
1720 2071 1916 2127 furtis.

519 2175 708 2233 Cacus
741 2183 807 2230 ut
836 2173 1145 2230 Herculeis
1182 2175 1469 2232 cariturus
1498 2175 1633 2231 luce
1661 2173 1920 2244 lacertis,

516 2278 709 2335 noctis
739 2278 853 2333 iter
878 2272 1235 2333 metuendus
1261 2276 1406 2349 init,
1450 2285 1808 2354 raptumque
1834 2274 2084 2334 retraxit

353 2380 476 2443 160
518 2376 826 2437 ductorem
852 2388 1204 2457 patremque
1235 2378 1432 2455 gregis
1453 2420 1471 2450 ,
1515 2378 1791 2455 colloque
1820 2375 2045 2431 levavit

517 2481 775 2539 obnixus
798 2489 1162 2559 portansque
1190 2479 1429 2553 furens,
1477 2489 1536 2537 et
1566 2481 1763 2557 pergit
1792 2478 1859 2535 in
1894 2485 2152 2533 antrum.

518 2582 849 2662 strangulat
875 2578 1016 2639 inde
1044 2600 1357 2660 premens,
1403 2584 1719 2641 constricto
1753 2589 1992 2658 gutture
2021 2596 2243 2657 pugno.

519 2688 735 2744 corruit
762 2692 899 2741 ante
923 2681 1110 2762 pedes
1139 2684 1293 2742 aries
1323 2692 1651 2762 prostratus
1678 2680 1902 2755 anheli,

519 2787 757 2844 laniferi
784 2806 920 2866 spes
947 2805 1070 2844 una
1091 2786 1312 2864 gregis.
1398 2794 1543 2843 tunc
1571 2804 1712 2844 ense
1741 2786 2011 2851 reclauso

352 2890 477 2955 165
519 2887 722 2969 diripit
752 2891 1053 2949 astrictam
1077 2907 1300 2966 magno
1329 2907 1467 2945 cum
1490 2886 1757 2966 pondere
1785 2887 2045 2966 pellem:

517 2994 744 3050 viscera
770 2989 933 3049 nuda
962 2999 1188 3069 patent.
1275 2988 1478 3049 frustis
1505 2988 1836 3048 conciditur
1865 2988 2001 3045 altis

522 3114 699 3153 omne
728 3113 947 3172 pecus,
991 3092 1369 3171 verubusque
1401 3102 1725 3150 trementes
1757 3092 2015 3149 conserit
2045 3098 2238 3149 artus:

522 3200 712 3254 uritur
739 3192 1108 3254 horrendum
1128 3194 1367 3251 flamma
1392 3203 1654 3251 torrente
1686 3190 1962 3251 cadaver.

519 3299 759 3377 ignibus
790 3300 856 3355 in
887 3295 1106 3354 mediis
1143 3297 1500 3354 semiustum
1527 3296 1730 3354 sorbet
1759 3291 2050 3351 anhelans

353 3401 479 3464 170
522 3410 580 3456 et
601 3397 898 3478 trepidus,
941 3408 1253 3477 totumque
1280 3400 1409 3457 fero
1437 3399 1807 3476 consumpsit
1832 3394 2026 3454 hiatu.

601 3482 905 3580 Tempore
928 3504 1054 3559 iam
1080 3519 1161 3558 ex
1186 3500 1294 3557 illo
1322 3500 1515 3558 saevis
1545 3497 1885 3558 adolescere
1911 3496 2088 3555 furtis

521 3602 755 3680 incipit,
800 3604 1183 3683 obscurisque
1215 3601 1486 3661 faventes
1510 3621 1754 3681 pascere
1781 3597 2042 3679 praedis.

524 3701 815 3764 contrahit
839 3705 982 3765 inde
1007 3708 1167 3765 viros
1183 3749 1199 3779 ,
1242 3722 1566 3783 secumque
1595 3702 1675 3761 ad
1697 3704 1856 3762 furta
1881 3697 2177 3761 nefandus

521 3806 585 3863 in
616 3804 834 3867 mediis
860 3810 1073 3867 tacitos
1100 3804 1426 3865 exhortans
1451 3808 1538 3863 ire
1561 3806 1824 3864 tenebris

351 3908 476 3975 175
519 3919 641 3966 arte
671 3906 874 3986 docet3
918 3921 1230 3991 totumque
1257 3904 1441 3966 trahit
1466 3908 1592 3964 iam
1622 3917 1822 3986 raptor
1851 3905 2009 3964 ovile

521 4012 761 4092 iamque
795 4022 1065 4072 armenta
1090 4012 1314 4085 boum3
1366 4008 1661 4090 celsisque
1696 4004 2060 4067 abscondere
2089 4001 2378 4083 praedam

2328 1816 2345 1845 Ὶ

351 4195 457 4252 145
491 4195 638 4249 siculi
663 4198 715 4251 Τ
883 4200 983 4253 147
1018 4215 1091 4251 on
1111 4195 1333 4250 ductos?
1499 4191 1599 4248 154
1632 4193 1913 4261 fauentque
1937 4191 1986 4242 Τ
2143 4189 2244 4247 158
2282 4189 2451 4267 Cacus
2473 4187 2548 4243 M,

342 4274 537 4320 cautus
563 4267 613 4317 Τ
774 4266 873 4322 159
906 4268 1012 4321 iter
1035 4268 1110 4332 Ιι,
1146 4266 1249 4319 itus
1272 4264 1387 4318 ΜΤ
1550 4262 1649 4316 161,
1684 4260 2000 4331 portatque?
2159 4262 2258 4314 172
2289 4259 2480 4324 incepit
2504 4256 2554 4307 Τ

349 4336 460 4391 176
492 4330 681 4388 bouum
703 4338 848 4405 apud
875 4337 939 4389 Μ
1143 4335 1270 4388 ibid,
1306 4329 1584 4386 ascendere
1604 4331 1797 4400 praeda
1825 4332 1887 4381 '12

446 4430 647 4484 Merob.
688 4438 738 4484 et
781 4433 854 4484 Co
861 4448 901 4482 r.
2093 4419 2133 4477 9
