3210 5200
647 390 793 460 180
1252 393 1589 462 CORIPPI
1635 395 1752 461 DE
1799 396 2213 464 LAUDIBUS

811 556 1154 617 nominibus
1181 568 1408 617 sacrata
1436 559 1628 618 tribus
1647 604 1666 637 ,
1704 562 1810 640 qui
1841 563 2067 620 viribus
2091 563 2301 642 aequis

812 659 1134 735 imperium
1169 679 1378 718 rexere
1406 679 1603 719 suum.
1691 679 1879 740 genus
1905 664 2181 722 omnibus
2202 683 2411 738 unum,

809 763 1518 838 sceptrumtcontinuum,
1559 772 1798 841 tempus
1825 766 1963 841 iuge
1983 808 2000 839 ,
2044 767 2244 822 iuncta
2271 776 2553 843 potestas.

809 880 1088 921 successu
1116 881 1208 921 res
1238 874 1367 920 acta
1399 882 1507 921 suo
1538 873 1663 922 est:
1706 865 1829 921 iam
1857 884 2039 943 regna
2066 864 2320 923 duorum

644 956 767 1024 145
808 963 873 1020 in
903 965 1082 1024 caelis
1107 966 1391 1023 translata
1416 974 1693 1039 manent,
1735 986 1897 1025 nunc
1920 970 2224 1025 maximus
2246 966 2405 1026 orbis

811 1068 1147 1125 communis
1178 1067 1525 1125 benefactor
1551 1065 1721 1126 adest
1737 1111 1754 1142 ‚
1799 1071 1895 1128 cui
1922 1068 2159 1127 subdita
2187 1087 2356 1147 reges

813 1168 969 1225 colla
1002 1180 1216 1247 parant
1241 1188 1580 1250 nomenque
1608 1180 1874 1229 tremunt
1906 1181 1966 1228 et
1992 1190 2218 1228 numen
2241 1168 2513 1229 adorant.

810 1267 1040 1327 adstitit
1074 1273 1137 1328 in
1171 1273 1364 1350 clipeo
1392 1275 1669 1349 princeps
1699 1272 2058 1331 fortissimus
2087 1273 2194 1329 ino

810 1370 954 1428 solis
982 1368 1210 1431 habens
1238 1376 1577 1452 specimen:
1620 1375 1734 1433 lux
1759 1376 1878 1433 alta
1908 1375 2077 1432 fulsit
2104 1373 2178 1431 ab
2209 1373 2380 1432 urbe.

644 1464 769 1531 150
804 1472 1021 1529 mirata
1052 1484 1142 1533 est
1164 1478 1389 1554 pariter
1414 1478 1688 1553 geminos
1717 1496 2069 1555 consurgere
2094 1477 2251 1534 soles

812 1590 931 1629 une
955 1573 1165 1634 favens
1194 1576 1524 1656 eademque
1557 1576 1707 1636 dies.
1792 1598 1929 1637 mea
1954 1579 2214 1636 carmina
2233 1620 2250 1651 ,
2289 1595 2534 1651 numen,

806 1692 1151 1735 mensuram
1177 1688 1542 1756 transgressa
1578 1697 1751 1737 suam
1779 1680 2072 1738 mirabere
2106 1680 2330 1755 forsan,

810 1775 976 1856 quod
1003 1777 1134 1836 dixi
1163 1782 1433 1858 geminos
1462 1782 1687 1857 pariter
1708 1800 2061 1858 consurgere
2088 1782 2266 1839 soles.

808 1895 922 1936 nec
954 1883 1156 1938 vacuis
1189 1880 1386 1938 verbis
1410 1899 1524 1937 nec
1552 1882 1832 1940 inanibus
1862 1893 1992 1939 ecta
2019 1882 2225 1959 figuris

644 1973 765 2040 155
804 1998 906 2037 ore
931 1982 1087 2041 feres
1112 1982 1344 2060 prolate
1369 1999 1505 2039 meo
1522 2026 1538 2056 ‚
1582 1984 1635 2041 si
1662 1980 1820 2041 dicta
1849 1983 2146 2062 rependis,

807 2097 979 2141 mens
1006 2087 1149 2144 iusti
1176 2088 1313 2166 plus
1343 2088 1470 2146 sole
1496 2087 1680 2144 nitet:
1718 2104 1842 2143 non
1866 2088 2159 2164 mergitur
2183 2081 2383 2158 undis,

809 2200 932 2241 non
967 2186 1126 2247 cedit
1149 2190 1411 2247 tenebris
1428 2232 1444 2263 ‚
1487 2206 1609 2244 non
1634 2187 1800 2245 fusca
1830 2189 2134 2246 obtexitur
2158 2186 2396 2243 umbra.

808 2285 920 2344 lux
950 2308 1198 2368 operum
1222 2302 1460 2349 aeterno
1484 2290 1646 2347 lucet
1674 2288 1990 2368 splendore
2015 2290 2331 2346 bonomm.

894 2393 1221 2473 Postquam
1246 2402 1455 2451 cuncta
1484 2388 1650 2449 videt
1675 2394 1792 2447 ritu
1818 2392 2080 2470 perfecta
2105 2390 2372 2469 priormn

648 2491 768 2555 160
806 2496 1155 2571 pontificum
1183 2513 1454 2554 summus
1478 2492 1776 2572 plenaque
1806 2502 1997 2552 aetate
2027 2503 2330 2566 venustus,

806 2591 1144 2656 adstantem
1170 2596 1481 2657 benedixit
1508 2615 1682 2670 eum3
1732 2596 2000 2676 caelique
2031 2605 2335 2675 potentem

810 2718 1069 2760 exorans
1098 2699 1410 2759 dominum
1434 2718 1601 2757 sacro
1634 2696 1969 2755 diademate
1994 2700 2168 2756 iussit

808 2801 1151 2878 Augustum
1176 2805 1405 2861 sancire
1430 2809 1636 2878 caput,
1683 2818 2041 2879 summoque
2072 2816 2352 2856 coronam

811 2902 1127 2979 imponens
1156 2905 1310 2979 apici
1337 2902 1594 2958 feliciter

645 2997 773 3065 165
808 3001 1068 3059 intonuit
1096 3012 1333 3080 patrum
1361 3000 1591 3059 subitus
1613 3000 1844 3076 fragor,
1885 2997 2028 3057 inde
2052 2985 2337 3059 clientum

809 3103 1102 3163 clamores
1129 3113 1428 3161 crescunt:
1474 3101 1832 3158 clamoribus
1858 3100 2110 3160 adsonat
2140 3100 2367 3161 aether.

807 3203 1088 3265 laudibus
1118 3207 1448 3263 innumeris
1478 3213 1833 3280 regnantum
1858 3205 2103 3261 nomina
2132 3205 2386 3264 tollunt:

804 3309 1031 3365 Iustino
1062 3310 1248 3366 vitem
1277 3317 1369 3365 ter
1396 3316 1636 3363 centum
1663 3302 1908 3363 vocibus
1943 3316 2170 3384 optant,

805 3410 1111 3488 Augustae
1138 3408 1390 3468 totidem
1415 3405 1678 3486 Sophiae
1706 3408 1879 3487 plebs
1908 3417 2029 3466 tota
2060 3409 2364 3467 reclamat.

646 3508 781 3592 170,
805 3511 972 3568 mille
1004 3524 1222 3571 canunt
1246 3510 1457 3570 laudes
1482 3528 1696 3568 vocum
1724 3508 2066 3568 discrimina
2095 3513 2264 3568 mille
2280 3529 2300 3569 τ

807 3616 1103 3672 Iustinum
1129 3613 1538 3695 Sophiamque
1563 3631 1737 3690 pares
1765 3610 1882 3671 duo
1911 3614 2141 3671 lumina
2169 3613 2380 3672 mundi

808 3735 939 3774 esse
970 3718 1203 3792 ferunt3
1236 3710 1523 3796 “regnate
1552 3733 1727 3791 pares
1750 3716 1812 3769 in
1842 3711 2121 3774 saecula”
2162 3717 2403 3794 dicunt3

805 3816 1013 3877 felices
1047 3839 1233 3878 annos
1264 3818 1522 3877 dominis
1548 3815 1824 3873 felicibus
1851 3827 2041 3876 orant.

807 3919 1070 3980 insonuit
1095 3941 1218 3980 vox
1246 3923 1351 3979 issa
1381 3920 1516 3993 diu,
1559 3916 1924 3999 tandemque
1951 3922 2198 4004 quievit.

647 4017 767 4084 175
891 4026 1028 4102 Ipse
1064 4033 1371 4082 coronatus
1399 4021 1617 4082 solium
1642 4019 1985 4079 conscendit
2011 4025 2257 4096 avitum,

812 4134 991 4204 atque
1017 4127 1206 4183 crucis
1234 4126 1459 4182 faciens
1484 4123 1728 4199 signum
1753 4124 2091 4181 venerabile
2122 4123 2312 4201 sedit3

704 4291 713 4301 t
812 4235 1123 4304 erectaque
1145 4246 1357 4300 manu,
1406 4234 1617 4282 cuncto
1647 4235 1956 4303 praesente
1989 4236 2220 4300 senatu,

807 4347 908 4386 ore
934 4329 1035 4406 pio
1064 4329 1152 4388 sic
1179 4346 1348 4388 orsus
1380 4329 1483 4386 ait.
1558 4317 1782 4407 “super
1806 4329 2008 4387 omnia
2031 4346 2285 4408 regnans
