3210 5200
985 430 1301 500 IUSTINI
1348 436 1710 507 MlNoRls
1762 440 1918 508 LIL.
1961 444 2016 510 1.
2445 438 2594 520 -169

574 591 707 651 luce
737 613 844 653 sua
876 593 1115 657 radians
1144 610 1203 657 et
1232 611 1447 678 aperto,
1464 603 1653 663 libera
1686 606 1874 683 eaelo,

572 697 890 774 conspicuo
919 701 1094 757 vitrei
1123 701 1446 779 splendens
1475 706 1713 783 fulgore
1747 713 2015 786 metalli3

413 792 532 856 100
574 792 772 853 dicere
805 801 858 856 si
883 800 976 858 fas
1000 811 1122 876 est,
1165 806 1329 861 rutili
1354 825 1475 862 non
1505 807 1712 886 indiga
1744 813 1909 887 solis,

575 898 675 955 vel
701 901 848 958 solis
877 899 1130 961 dicenda
1157 903 1404 979 domus3
1453 913 1791 985 gratissima
1822 917 1957 974 visu

577 1008 638 1056 et
663 1000 816 1059 facie
847 1003 1120 1062 miranda
1146 1006 1280 1065 loci.
1369 1029 1508 1087 pam
1537 1016 1825 1091 prospicit
1848 1035 1970 1074 una

574 1102 937 1161 immensum
961 1107 1245 1185 pelagus3
1287 1129 1428 1188 pars
1457 1116 1697 1191 respicit
1726 1116 1908 1175 altera
1935 1129 2196 1197 portum,

579 1215 816 1280 portum
838 1225 1019 1286 quem
1046 1199 1321 1286 geminae
1349 1215 1733 1292 complexam
1760 1217 2002 1277 brachia
2033 1225 2200 1300 ripae

413 1303 532 1369 105
572 1307 884 1367 moenibus
909 1315 1225 1390 appositis,
1267 1312 1505 1391 rapidos
1537 1327 1913 1377 contemnere
1946 1334 2152 1382 ventos

572 1417 633 1465 et
661 1410 919 1486 faciunt,
965 1415 1366 1493 praebentque
1395 1418 1594 1474 salum
1624 1420 1877 1476 statione
1907 1424 2210 1498 quietum:

571 1527 898 1590 aequoreos
929 1516 1213 1592 frangunt
1239 1517 1469 1575 obiecto
1498 1539 1794 1578 marmore
1819 1521 2050 1598 fluetus,

572 1622 633 1669 et
659 1611 982 1690 prohibent
1011 1618 1226 1675 refluas
1256 1622 1524 1697 angustis
1548 1621 1823 1681 fauoibus
1853 1623 2067 1684 undas.

572 1718 797 1793 gratior
825 1717 929 1774 ille
953 1717 1071 1776 fuit
1098 1717 1358 1779 dominis
1386 1721 1552 1781 locus
1570 1767 1587 1798 ,
1631 1722 1793 1782 unde
1823 1727 2095 1788 solebant

416 1818 531 1879 110
568 1817 939 1897 undivagum
963 1829 1230 1898 spectare
1259 1822 1482 1880 fretum
1511 1844 1838 1907 curvaeque
1866 1833 2096 1890 carinas

574 1923 774 1983 omnia
799 1931 1104 1980 vectantes
1133 1925 1358 1999 gemini
1388 1931 1743 1986 commercia
1773 1930 2008 1992 mundi.

571 2022 696 2079 illic
731 2043 764 2079 e
790 2024 987 2081 stratis
1015 2041 1374 2102 consurgens
1404 2029 1663 2107 impiger
1687 2032 1825 2091 altis

572 2126 795 2183 electus
819 2125 1097 2203 princeps
1124 2137 1350 2184 secreta
1379 2130 1442 2186 in
1470 2143 1637 2209 parte
1661 2134 1927 2210 sedebat,

569 2236 748 2305 atque
775 2237 1010 2285 ostensa
1036 2227 1152 2284 sibi
1183 2247 1353 2285 carae
1380 2232 1951 2298 referebat‘amanti.

414 2324 529 2390 115
652 2330 813 2385 Dum
837 2329 1104 2409 loquitur
1125 2340 1459 2410 pensatque
1483 2336 1584 2411 pia
1619 2355 1754 2395 oum
1791 2342 2041 2419 coniuge
2071 2364 2261 2420 curas,

571 2430 782 2487 limina
810 2450 974 2490 sacra
999 2444 1197 2511 patres
1228 2431 1474 2492 deiectis
1501 2438 1764 2499 vultibus
1795 2444 2049 2502 intrant:

574 2533 679 2589 ille
706 2530 943 2591 habitus
975 2553 1178 2592 casum
1204 2538 1391 2613 signis
1424 2544 1777 2600 monstravit
1809 2548 2049 2622 apertis.

573 2655 885 2693 surrexere
916 2638 1049 2711 citi,
1107 2638 1425 2717 verbisque
1460 2641 1521 2696 in
1547 2640 1691 2699 sede
1720 2646 1941 2706 relictis

573 2734 653 2794 ad
679 2736 911 2796 medios
939 2758 1156 2796 venere
1180 2741 1366 2798 locos.
1442 2732 1633 2823 “quid
1667 2746 1833 2806 fertis
1850 2792 1865 2822 ,
1911 2751 2135 2811 amici?

414 2842 531 2903 120
573 2860 679 2897 cur
702 2842 901 2897 tristes
916 2837 947 2898 ’ἔ
960 2833 994 2860 ”
1038 2843 1298 2902 Iustinus
1334 2846 1439 2902 ait.
1517 2838 1729 2926 “pater
1752 2852 1994 2912 inclitus
2022 2857 2181 2916 orbis

573 2940 789 3001 occidit
818 2962 894 2999 an
924 2944 1071 3001 vivit
1094 2936 1168 3001 '1''
1246 2966 1468 3026 magno
1500 2960 1643 3009 tuno
1675 2955 1838 3031 regia
1872 2956 2014 3016 fletu

569 3046 881 3123 ingemuit.
967 3049 1228 3124 gemitus
1254 3068 1376 3108 uno
1407 3052 1705 3113 Calinicus
1735 3055 1960 3118 ademit

570 3166 672 3205 ora
696 3167 974 3225 premens
1008 3146 1229 3227 digito,
1276 3149 1608 3233 dextraque
1636 3157 1871 3218 silentia
1900 3163 2066 3222 fecit.

574 3266 793 3326 aggere
823 3269 946 3307 non
979 3251 1155 3308 aliter
1188 3271 1324 3309 cum
1353 3256 1508 3313 victo
1541 3258 1762 3317 flumen
1798 3263 2097 3327 inundans

414 3348 529 3414 125
568 3351 634 3409 in
658 3352 814 3409 latos
849 3355 1108 3431 ermnpit
1134 3372 1309 3431 agros
1334 3398 1350 3430 ,
1393 3359 1445 3414 si
1475 3362 1704 3418 cautior
1728 3364 1855 3422 illie

571 3452 943 3531 marginibus
971 3456 1194 3532 sparsis
1227 3466 1446 3516 erectas
1475 3462 1719 3540 colligat
1747 3466 1940 3526 undas

575 3554 870 3634 agricola,
914 3556 978 3612 in
1005 3575 1137 3614 sese
1166 3557 1383 3617 refluus
1409 3563 1783 3625 revocabitur
1806 3572 2020 3647 amnis,

569 3652 924 3734 praecipites
953 3659 1261 3718 frenantur
1283 3680 1474 3741 aquae
1490 3707 1509 3740 ‚
1554 3665 1708 3726 redit
1733 3670 1991 3748 impetus
2017 3679 2232 3754 nimiis,

571 3767 628 3813 et
656 3756 844 3815 clausi
873 3759 1079 3818 bibula
1109 3764 1221 3821 rivi
1245 3767 1596 3826 minuuntur
1627 3789 1826 3830 arena.

408 3859 527 3921 130
558 3849 949 3917 “Romanum
978 3862 1330 3942 imperium,
1373 3874 1529 3947 patri
1561 3869 1705 3929 dum
1735 3876 1855 3931 vita
1879 3877 2180 3955 manebat,

569 3963 779 4020 vestris
816 3965 1079 4024 consiliis
1108 3971 1441 4049 vestrisque
1476 3973 1781 4032 laboribus
1814 3988 2052 4034 auctum

571 4072 630 4118 et
660 4062 824 4140 plebi
852 4075 1062 4123 notum
1090 4080 1180 4127 est
1214 4081 1275 4128 et
1302 4090 1411 4131 nos
1440 4094 1577 4131 cum
1599 4077 1777 4153 plebe
1802 4079 2080 4154 fatemur,

571 4163 907 4240 Augustum
925 4210 939 4238 ‚
984 4171 1241 4245 Iustine‚
1287 4193 1498 4251 genus.
1587 4188 1646 4234 te
1676 4181 1945 4258 principe
1975 4181 2246 4262 dignum,

574 4270 629 4318 te
658 4263 968 4324 dominum
1002 4289 1205 4330 sacrae
1239 4279 1376 4357 quis
1401 4296 1520 4336 non
1548 4280 1916 4358 praedixerit
1942 4288 2135 4361 auiae,

406 4375 505 4429 124
537 4376 686 4446 cum]
718 4380 992 4450 legebatur
1023 4401 1189 4455 quam.
