3210 5200
1139 191 1172 209 ἱ

1078 390 1191 456 DE
1241 389 1653 460 LAUDIBUS
1701 391 2034 465 ms’mw.
2496 399 2635 470 321

633 554 736 619 57.
821 556 1053 626 antina.
1137 555 1223 615 sio
1252 560 1521 637 reposui:
1565 570 1702 619 ante
1735 571 1860 621 erat
1889 564 2118 634 omnia,
2157 560 2438 645 idemque
2462 584 2637 626 men-

466 636 608 696 dum
648 641 714 696 in
753 640 1091 700 innumeris
1125 652 1251 699 erat
1286 648 1496 722 poetis.
1584 648 1792 705 Franc.
1835 647 2072 708 Modius
2112 649 2400 709 observat.
2439 654 2632 716 Valet.

463 724 658 781 Flacc.
703 728 931 802 Argon.
973 730 1048 789 7:
1112 726 1242 783 sola
1276 729 1433 807 fici,-
1486 732 1679 795 tristes
1730 731 2026 792 thalamos
2078 734 2410 813 infestaque
2462 757 2632 796 cerno

464 810 687 867 omnia.
776 811 912 888 lege
954 812 1174 869 omina.
1269 824 1573 892 corruptus
1622 826 1682 874 et
1719 816 2027 876 claudian.
2059 815 2134 875 de
2163 821 2203 880 6
2230 821 2450 877 Honor.
2487 841 2632 879 con-

462 893 663 950 sulatu
701 895 763 951 in
802 896 1130 973 principio,
1173 899 1386 954 certius
1421 901 1622 957 omina
1652 913 1929 981 surgunt.-
1976 905 2061 961 sic
2097 904 2259 960 enim
2288 913 2344 961 et
2372 906 2629 965 Venetus

463 975 657 1035 codex-
694 987 754 1035 et
795 976 1048 1058 Gryphii
1086 990 1145 1038 et
1179 1000 1272 1040 ms
1308 1001 1500 1043 meus.
1584 994 1643 1042 et
1683 983 1756 1043 de
1797 996 1969 1065 raptu
1992 991 2070 1050 2:
2114 989 2315 1044 omnia
2344 980 2629 1067 perpetuo

456 1061 750 1140 genitalia
769 1064 1018 1142 foedere
1051 1067 1261 1122 sancit.
1349 1067 1485 1146 lege
1514 1070 1742 1140 omina,
1782 1082 1848 1128 ut
1880 1074 2008 1149 ipse
2042 1072 2300 1150 explicat
2334 1074 2398 1129 in
2434 1075 2627 1133 Ruffi-

461 1165 609 1203 num
628 1150 701 1211 2:
749 1148 1032 1205 thalamis
1049 1151 1367 1227 proprium
1386 1152 1729 1231 genialibus
1766 1175 1971 1225 orum,-
2018 1166 2075 1213 ot
2124 1155 2197 1213 de
2241 1155 2404 1215 laud.
2446 1159 2625 1218 Sere-

459 1248 606 1304 nae,
652 1251 830 1312 quem
856 1233 1075 1290 librum
1103 1232 1294 1291 codex
1320 1256 1490 1295 meus
1518 1256 1701 1297 manu
1729 1252 2001 1298 exaratus
2026 1260 2146 1298 non
2173 1239 2493 1301 Claudiano
2519 1243 2627 1302 sed

462 1313 723 1394 Gyraldo
766 1315 1002 1374 cuidam
1039 1319 1276 1393 tribuit,
1319 1320 1404 1378 ibi
1438 1340 1613 1400 ergo:
1658 1327 1856 1381 onmia
1884 1346 2002 1381 non
2022 1325 2205 1382 audet
2221 1328 2479 1404 genitrix
2501 1338 2626 1386 tam

458 1419 680 1478 magna
688 1400 904 1478 fateri.
996 1423 1166 1460 omen
1192 1405 1462 1481 nuptiale
1488 1426 1581 1465 res
1608 1410 1743 1465 trita
1770 1419 1828 1466 et
1853 1409 2045 1467 obvia.
2133 1409 2438 1470 Stansilw
2467 1412 2500 1474 1
2546 1416 2586 1474 2
2602 1431 2622 1470 ε

455 1486 634 1541 etiam
670 1486 917 1543 socialia
939 1499 1186 1565 praesto
1217 1491 1437 1547 omina.
1481 1491 1760 1551 Dtmrs‘r.
1847 1495 2051 1573 scripsi
2083 1495 2307 1564 omnia,
2349 1506 2419 1552 ut-
2440 1495 2629 1554 indu-

451 1568 586 1627 bius
620 1570 837 1648 legisse
866 1570 1102 1630 videtur
1129 1575 1370 1631 Ruizius
1400 1577 1463 1631 in
1495 1595 1625 1634 ms:
1670 1586 1869 1656 aptam
1908 1581 2066 1635 enim
2108 1577 2236 1636 loco
2269 1584 2627 1638 sententiam

456 1673 528 1711 ea
575 1674 698 1711 vox
740 1655 990 1715 conficit.
1077 1658 1182 1715 alii
1214 1656 1498 1717 suffecere
1533 1663 1754 1719 omina.
1844 1670 1904 1718 at
1933 1664 1984 1720 si
2012 1682 2158 1740 opus
2185 1663 2370 1736 foret,
2412 1665 2622 1723 malim

453 1739 708 1795 somnia.
794 1760 970 1820 saepe
1013 1741 1256 1821 quidem
1296 1745 1359 1800 in
1406 1741 1578 1802 codd.
1618 1741 1684 1807 τό
1723 1747 1924 1802 omnia
1952 1766 2059 1824 pro
2091 1749 2290 1803 omina
2318 1749 2620 1827 irrepsisse

453 1842 574 1880 non
622 1843 880 1904 pernego
901 1870 916 1899 ,
963 1826 1068 1884 sed
1108 1847 1285 1905 saepe
1326 1830 1505 1886 etiam
1534 1830 1597 1886 in
1632 1849 1756 1888 mss
1791 1828 1962 1887 codd.
1997 1834 2281 1904 occurrit,
2327 1841 2395 1888 ut
2422 1835 2474 1889 si
2503 1852 2621 1913 qua

452 1927 574 1965 vox
609 1906 841 1968 desinat
863 1914 928 1968 iu
959 1913 1151 1969 littera
1181 1932 1290 1991 per
1314 1932 1495 1993 quam
1523 1916 1732 1993 incipit
1758 1915 2142 1994 subsequens,
2189 1935 2257 1972 ea
2281 1916 2474 1974 littera
2496 1936 2620 1975 non

452 1989 815 2071 duplicetur;
880 2006 938 2054 et
988 2006 1143 2054 certe
1185 2000 1378 2075 aptius
1421 2001 1652 2057 somnia
1690 2019 1825 2057 cum
1865 2000 2047 2058 verbo
2069 2000 2244 2078 fingi
2278 2003 2618 2079 coniunges.

449 2079 653 2156 virgil.
696 2080 829 2137 Ecl.
871 2083 910 2143 8
957 2083 1114 2146 108:
1159 2083 1495 2141 eredimus?
1534 2105 1646 2155 an,
1694 2086 1802 2163 qui
1830 2095 2063 2155 amant,
2107 2086 2226 2161 ipsi
2247 2083 2366 2141 eibi
2391 2088 2620 2143 somnia

429 2161 731 2242 fingunt?
769 2167 966 2224 Foco.
1052 2167 1180 2223 sine
1214 2165 1391 2226 dubio
1421 2168 1828 2247 reponendum
1856 2162 1965 2226 aiat
1988 2170 2193 2225 credas
2217 2171 2415 2226 omina
2422 2171 2617 2249 fingi,

449 2246 843 2326 adstipulante
885 2250 1103 2307 illustri
1134 2253 1380 2310 Heinsio
1413 2252 1489 2309 ad
1520 2254 1726 2312 Sabin.
1759 2254 1930 2332 epist.
1954 2257 1994 2317 3
2026 2273 2086 2311 v.
2116 2255 2217 2316 82.
2300 2273 2507 2311 verum
2542 2253 2618 2311 de

450 2332 651 2389 crebra
675 2331 788 2392 hac
812 2335 1243 2411 permutatione
1273 2336 1428 2394 conf.
1462 2339 1805 2397 carrionem
1831 2340 1903 2395 in.
1922 2338 2055 2397 Val.
2083 2337 2360 2395 Flaccum
2393 2339 2429 2400 1
2472 2342 2623 2415 281,

451 2427 509 2474 et
535 2419 653 2476 Ios,
684 2419 931 2475 Mercer.
961 2416 1043 2475 ad²
1065 2421 1505 2478 Aristaenetum
1536 2423 1572 2483 1.
1615 2425 1677 2485 3.
1760 2425 2001 2483 Voncx.

614 2503 716 2567 58.
804 2521 938 2561 cum
974 2505 1202 2579 omnia,
1245 2514 1376 2562 tum
1404 2503 1502 2563 hic
1531 2516 1662 2563 tum
1687 2510 1752 2565 in
1787 2506 2203 2588 sequentibus,
2245 2505 2431 2564 futuri
2459 2516 2625 2567 tem.-

446 2588 612 2666 pori's·
643 2596 1048 2647 memorentur
1094 2600 1306 2667 gesta‚.
1352 2600 1411 2649 et
1448 2604 1750 2670 praeterea
1797 2593 2022 2652 laboret
2066 2603 2355 2667 metrum,
2406 2592 2616 2650 malim

446 2676 688 2733 omnino
713 2672 1032 2731 mirabitur
1054 2685 1224 2731 aeta..
1301 2677 1540 2738 Voncx.

612 2759 716 2823 59.
801 2760 1086 2838 miratus]
1130 2760 1437 2837 legebatur
1479 2763 1751 2819 miratur.
1808 2764 2004 2821 ΒΗΤ..
2094 2762 2388 2839 miratm}
2419 2763 2614 2818 Hora-

445 2842 626 2907 tius4
672 2845 711 2906 9
755 2843 856 2908 15.
940 2845 1136 2903 Foco.

611 2932 713 2992 60.
786 2930 974 3008 prae]
1019 2940 1176 2988 recte
1221 2928 1398 3005 [cum
1428 2931 1628 2989 Ruizii
1662 2930 1966 3011 margine]
1999 2951 2115 3009 per
2142 2949 2203 2988 se
2225 2931 2392 3007 lege,
2433 2924 2500 2986 id
2526 2937 2613 2986 est

440 3014 614 3071 nullo-
644 3015 1010 3092 impellente.
1095 3017 1301 3073 Iuven.
1351 3020 1446 3079 10.
1531 3020 1738 3074 Horat.
1776 3017 1882 3075 lib.
1923 3022 1962 3080 3
2008 3015 2107 3074 od.
2134 3014 2206 3077 4:
2248 3018 2339 3073 vis
2381 3013 2616 3070 consilii

441 3119 644 3176 expet-s
670 3098 822 3156 mole
844 3100 970 3156 ruit
992 3120 1125 3157 sua.
1171 3101 1453 3165 Dsmrsw.
1538 3111 1696 3161 recte
1720 3122 1829 3181 pro
1855 3120 2005 3178 prae
2027 3120 2115 3172 se,
2159 3097 2319 3178 quod
2350 3099 2494 3155 olim
2519 3097 2615 3154 le-
2644 3106 2665 3121 '

440 3185 718 3260 gebatur,
759 3185 1144 3263 Dempsterus
1187 3188 1442 3243 restituit
1474 3207 1591 3263 per
1628 3206 1717 3256 se,
1759 3184 1824 3244 id
1867 3197 1955 3243 est
1999 3204 2107 3243 sua
2148 3193 2387 3262 sponte,
2430 3180 2614 3260 idque

440 3269 563 3324 iam
592 3271 834 3326 Ruizius
859 3271 920 3325 in
949 3271 1217 3347 margine
1241 3280 1492 3327 notarat.
1580 3268 1801 3327 eadem-
1821 3271 2040 3328 locutio
2081 3265 2381 3327 reddenda
2410 3267 2612 3324 Curtio

441 3352 545 3409 lib.
574 3351 615 3414 4
654 3352 695 3416 4
739 3353 810 3415 5:
870 3353 1222 3432 Neptunum
1263 3355 1539 3431 occupati
1571 3355 1756 3409 maris
1796 3355 2088 3411 vindicem
2122 3355 2445 3430 arripias&
2485 3349 2612 3407 bab-

442 3435 606 3493 luam
612 3479 633 3506 ,
675 3457 752 3493 ae
779 3437 990 3496 molem
1018 3438 1184 3496 brevi
1198 3439 1463 3516 profecto
1488 3440 1803 3494 ruituram.
1894 3438 2027 3515 lege
2054 3457 2291 3494 mecum
2318 3435 2482 3491 brevi
2496 3454 2613 3511 per

438 3541 502 3577 se
528 3522 935 3580 corruituram.
1028 3525 1249 3581 etenim
1267 3522 1539 3601 projecto
1569 3524 1819 3600 turpiter
1844 3521 2109 3599 languet.
2190 3522 2431 3577 Voucx.

606 3608 711 3670 61.
792 3608 1035 3684 afficiet,
1077 3605 1192 3667 hoc
1232 3618 1321 3666 est
1361 3606 1437 3665 ad
1474 3617 1743 3664 extrema
1782 3624 1973 3685 usque
2008 3621 2421 3681 summamque
2457 3602 2611 3659 inci-

440 3699 564 3749 tam
595 3689 824 3769 rediget
840 3737 855 3765 ,
899 3701 967 3749 ut
987 3712 1129 3772 prae
1160 3695 1369 3752 ceteris
1395 3693 1584 3771 pressi
1609 3694 1726 3749 sint
1752 3699 1811 3747 et
1831 3710 1951 3748 non
1977 3687 2233 3747 audeant
2258 3688 2449 3746 malas
2472 3705 2610 3745 suas

439 3787 596 3835 artes
628 3796 927 3835 exercere.
1010 3780 1093 3835 ita
1118 3780 1348 3856 afficere
1375 3789 1463 3837 est
1492 3773 1901 3835 consummare
1920 3820 1936 3850 ‚
1980 3772 2139 3854 quod
2165 3771 2412 3830 verbum
2437 3769 2611 3830 vide-

435 3870 535 3918 tur
566 3864 761 3920 animo
792 3860 1076 3921 habuisse
1116 3866 1461 3922 Cresconius
1496 3872 1716 3921 noster.
1802 3862 2038 3942 pietatis
2086 3867 2286 3916 autem
2329 3866 2453 3915 erat
2486 3874 2613 3913 non

433 3943 929 4022 plane,conficere
963 3947 1071 4006 sed
1098 3946 1172 4006 ad
1201 3959 1471 4007 extrema
1500 3946 1770 4026 redigere
1788 3992 1816 4022 ‚.
1851 3956 1918 4005 ut
1943 3946 2092 4003 verti
2125 3942 2204 4000 ad
2230 3944 2450 4002 bonam
2477 3941 2609 3998 fru-

437 4048 576 4104 gem
612 4043 873 4107 possent.
961 4034 1187 4091 Gellius
1223 4037 1260 4096 3
1312 4035 1424 4096 16:
1469 4033 1691 4114 affecta
1738 4033 1918 4100 enim,
1960 4032 2114 4087 sicut
2157 4030 2254 4086 M.
2313 4028 2511 4085 Cicero
2555 4032 2612 4079 et

437 4123 696 4171 veterum
736 4116 1157 4193 elegantissimi
1195 4117 1381 4175 locuti
1416 4129 1580 4189 sunt,
1638 4138 1708 4176 ea
1743 4117 1987 4195 proprie
2020 4112 2397 4182 dicebantur,
2461 4126 2613 4188 quae

439 4215 560 4252 non
582 4198 867 4272 adfinem
891 4202 1086 4276 ἰμςιινη
1112 4202 1220 4260 sed
1229 4206 1500 4281 proxime
1508 4205 1705 4277 finem
1718 4196 2039 4280 progressa
2066 4199 2392 4258 deductave
2418 4201 2606 4293 eraut.

438 4281 728 4361 Corippus
793 4295 997 4343 tamen
1060 4288 1364 4366 vulgatam
1433 4291 1752 4367 scripturae
1812 4286 2357 4363 interpretationem
2411 4287 2615 4355 potum

437 4383 620 4445 quam
645 4369 821 4427 illum
844 4371 1211 4450 antiquitatis
1235 4394 1412 4434 usum
1440 4384 1685 4434 secutus.
1706 4368 1959 4432 videtur.
2002 4372 2262 4429 Bia-ru.
2336 4381 2445 4441 P1'0
2473 4359 2617 4438 ‘’ffi-
