3210 5200
625 299 772 371 246
1379 300 2051 367 MAZZUOCHELLII

617 468 1021 614 pililtur1etia1m
1061 463 1135 538 de
1183 474 1353 546 parte
1378 476 1570 547 terrae
1597 485 1705 546 seu
1729 465 1970 544 regione
1989 506 2006 539 ,
2048 473 2116 522 ut
2141 474 2308 523 notat
2329 466 2695 526 Porcelliuus
2721 489 2802 527 ex

626 555 673 611 Ρ
702 555 781 609 ἰι.
850 556 890 614 2
976 556 1035 614 2.

796 651 941 714 825.
1021 650 1410 729 gemnufirelv.
1494 646 1675 708 huius
1727 650 1891 707 vocis
1944 646 2391 707 desiderabatur
2436 656 2800 731 exemplum,

620 733 792 816 'quod
810 734 899 792 ‘ad
928 754 1196 812 gemmas
1227 737 1505 793 arborum
1535 745 1847 814 spectaret.

797 840 939 899 327.
1024 837 1319 915 musellas,
1360 834 1425 894 id
1454 845 1544 893 est
1574 838 1781 893 vineas
1811 835 1908 893 vel
1933 837 2117 906 vites,
2160 845 2226 892 ut
2256 836 2418 914 Virg.
2449 835 2579 893 1301.
2604 842 2639 899 8
2690 841 2752 900 11
2781 857 2800 896 z

630 923 777 978 vites
822 920 1080 979 incidere
1103 922 1283 1001 falce
1320 921 1607 979 novellas.
1694 923 1811 978 nisi
1844 923 2033 978 mavis
2064 922 2395 997 intelligere
2425 941 2805 1002 quascunque

630 1007 862 1084 plantas
904 1018 1171 1083 teneras,
1215 1016 1281 1066 ut
1319 1006 1559 1065 Psalmo
1602 1009 1720 1069 127
1762 1010 1836 1068 3:
1863 1005 2001 1081 filia·
2042 1006 2137 1061 tui
2184 1008 2339 1062 sicut
2378 1006 2648 1080 novellae
2692 1009 2809 1065 oh:-

630 1111 862 1150 varum.

799 1176 942 1239 328.
1028 1175 1120 1233 ad
1137 1186 1345 1234 araim
1374 1178 1653 1233 iuvencos
1680 1175 1844 1252 Virg.
1888 1174 2103 1252 Georg.
2131 1177 2168 1235 3
2212 1172 2314 1237 50.

632 1339 637 1344 ,
801 1278 945 1342 835.
1030 1297 1123 1336 ms
1157 1280 1369 1348 musi-⁵3
1413 1273 1522 1334 sed
1551 1272 1680 1333 1011.
1712 1277 1782 1336 L.
1812 1274 1885 1332 de
1915 1278 2096 1332 Bonis
2134 1275 2196 1331 in
2238 1280 2509 1353 poemate
2537 1278 2631 1334 cui
2662 1280 2812 1336 titu-

631 1361 729 1418 lus
754 1359 1080 1434 Romulea;
1124 1367 1165 1426 2
1187 1354 1357 1435 287,
1405 1359 1580 1418 habet
1611 1359 1872 1418 eundem
1893 1380 2162 1433 versum,
2204 1360 2307 1415 ubi
2339 1362 2401 1416 in
2433 1358 2632 1420 codice
2665 1366 2813 1421 Tri-—

636 1446 900 1505 vultiano
932 1449 987 1504 A
1018 1448 1143 1511 273
1176 1447 1269 1506 bis
1291 1447 1509 1504 melius
1541 1447 1761 1521 legitur
1792 1447 1968 1503 euris.
2054 1449 2114 1502 in
2146 1442 2345 1501 codice
2377 1456 2574 1503 antem
2606 1449 2655 1505 A
2687 1448 2812 1513 275

637 1540 725 1588 est
768 1533 973 1591 musis.
1059 1550 1201 1589 sane
1242 1541 1301 1589 et
1335 1529 1494 1609 apud
1532 1532 1653 1588 Cic.
1697 1530 1876 1588 Catil.
1916 1536 1944 1593 1
2000 1534 2077 1594 18
2126 1539 2215 1587 est
2253 1529 2512 1586 relevare
2549 1531 2816 1610 aliquem

632 1637 781 1673 cura
816 1628 874 1674 et
903 1625 1080 1673 meta.

803 1705 948 1764 837.
1013 1702 1304 1776 Propert.
1343 1697 1385 1760 4
1425 1703 1466 1761 7
1510 1696 1628 1761 6⁴12
1652 1696 1934 1774 satorum
1961 1697 2124 1756 nulli
2144 1718 2248 1755 ret·
2238 1697 2477 1756 ὀοαῦἰίε
2501 1710 2747 1758 stamen.

802 1787 947 1847 889.
1033 1803 1126 1841 ms
1153 1795 1332 1854 tenes,·
1377 1800 1483 1860 pro
1511 1800 1630 1859 quo
1654 1779 1783 1840 1011.
1815 1783 1883 1840 L.
1917 1780 1989 1839 de
2016 1786 2199 1840 Bonis
2223 1771 2401 1840 habet
2429 1795 2651 1842 rotans.
2707 1786 2813 1844 ille

638 1863 796 1924 hunc
839 1887 975 1925 oum
1022 1887 1193 1925 versu
1235 1864 1608 1924 antecedenti
1653 1869 1739 1924 sic
1779 1867 1977 1924 intulit
2018 1869 2079 1924 in
2111 1886 2216 1925 sua
2243 1868 2543 1925 Romulea
2574 1873 2614 1931 2
2661 1871 2811 1933 1493

636 1973 745 2026 em·
769 1954 905 2032 qui-s·
925 1973 985 2011 es
1008 1952 1317 2010 hominum
1339 1953 1503 2007 tenui
1526 1950 1847 2024 pendentm
1854 1951 1977 2024 filo
1983 1952 2135 2030 sala
2168 1962 2373 2010 rotans
2406 1953 2613 2010 leviter
2633 1954 2816 2032 pellis

639 2057 870 2116 quoque
895 2040 1195 2115 rumpitur
1219 2035 1394 2095 orbis·
1480 2046 1867 2093 veruntamen
1900 2035 1997 2093 hic
2026 2048 2082 2094 et
2110 2037 2312 2116 plures
2341 2050 2657 2118 sequentes
2671 2060 2816 2110 ‚ver-

640 2142 741 2180 sus
775 2121 1048 2201 indigent
1079 2120 1356 2181 secundis
1384 2123 1537 2179 curis
1563 2122 1662 2177 vel
1688 2121 1922 2179 meliori
1950 2121 2149 2179 codice
2168 2167 2184 2196 ‚
2232 2133 2298 2179 ut
2326 2126 2709 2182 restituantur
2738 2122 2818 2182 ad

642 2227 845 2266 veram
866 2210 1212 2272 lectionem.
1299 2207 1498 2264 forsan
1535 2208 1751 2286 aliquis
1785 2227 1992 2265 versus
2025 2206 2208 2264 deest.

726 2367 733 2374 .
809 2307 953 2373 843.
1008 2327 1132 2367 ms
1168 2307 1489 2375 labentem,
1532 2325 1716 2384 quam
1746 2308 2066 2366 lectionem
2091 2308 2340 2366 sortasse
2364 2311 2516 2368 tueri
2545 2327 2819 2415 possem:

644 2410 785 2449 nam
812 2395 875 2461 ἱιι
902 2392 1127 2472 hymno
1157 2394 1221 2452 S.
1251 2393 1554 2450 Ambrosii
1588 2393 1692 2470 qui
1724 2395 1930 2472 incipit
1969 2386 2240 2450 “aeterne
2268 2414 2464 2450 rerum
2493 2396 2724 2452 conduc
2712 2417 2784 2466 r,

646 2489 929 2585 correpta
953 2489 1044 2536 est
1076 2480 1241 2557 prior
1285 2477 1513 2557 syllaba
1556 2480 1717 2534 vocis
1757 2477 2065 2535 labentes·
2050 2499 2111 2535 ιιι
2141 2498 2317 2536 versu
2349 2470 2527 2538 “Iesu
2557 2479 2822 2539 labentes

644 2558 924 2640 eupit-ef
965 2566 1135 2622 iuxta
1176 2583 1384 2622 omnes
1424 2559 1658 2620 codices
1683 2582 1820 2623 cum
1851 2583 1975 2622 mss
2005 2573 2135 2621 tum
2162 2566 2480 2642 impressos
2512 2565 2820 2641 librorum,

644 2649 863 2727 quibus
889 2653 1072 2707 utitur
1099 2648 1564 2717 mediolanensis
1591 2649 1781 2706 clerus
1812 2668 1918 2727 pro
1948 2648 2262 2706 recitandis
2294 2648 2652 2728 quotidianis
2679 2673 2821 2729 pre-

647 2733 845 2809 cibus,
888 2736 1070 2811 vulgo
1097 2735 1438 2791 Breviariis.
1524 2735 1770 2790 innova
1797 2744 1996 2793 autem
2024 2737 2364 2792 recensione
2392 2733 2659 2792 eiusdem
2684 2738 2822 2795 libri

648 2819 789 2873 anni
829 2822 1022 2890 1760,
1067 2820 1130 2873 in
1178 2837 1295 2896 qua
1336 2819 1518 2873 etiam
1555 2816 1781 2896 aliquot
1809 2819 1911 2874 alii
1937 2837 2141 2875 versus
2170 2816 2439 2876 eiusdem
2466 2817 2679 2898 hymni-
2703 2825 2825 2879 im-

650 2902 864 2969 mutati
905 2902 1178 2973 fuerunt,
1223 2920 1349 2977 pro
1377 2898 1637 2959 labentes
1679 2904 2036 2977 impressum
2077 2903 2188 2959 fuit
2231 2901 2529 2975 labantes,
2573 2906 2821 2964 fortasse

648 2986 800 3062 quia·
830 2986 915 3043 sio
956 2986 1177 3061 legitur
1220 2987 1280 3040 in
1325 2981 1584 3040 editione
1623 3004 1871 3062 operum
1911 2986 2071 3042 illius
2097 2986 2159 3044 S.
2184 2988 2451 3046 Doctoris
2482 2982 2720 3050 curante
2749 2994 2823 3049 P.

646 3071 830 3127 Nouri
862 3071 1103 3128 Parisiis
1138 3071 1316 3135 1690.
1402 3069 1466 3125 in
1493 3070 1923 3148 antiquioribus
1952 3069 2309 3132 editionibus
2339 3083 2634 3133 retentum
2661 3096 2825 3135 sem-

646 3173 754 3232 per
780 3156 975 3213 fuemt
999 3162 1170 3212 vetus
1196 3161 1254 3210 et
1284 3153 1532 3210 fortasse
1564 3173 1705 3212 vera
1735 3155 1911 3214 lectio
1939 3154 2218 3215 labentes.

811 3254 957 3321 845.
1043 3259 1108 3315 iu
1135 3262 1403 3335 margine
1429 3256 1648 3335 legitur
1674 3253 1823 3313 haec
1847 3268 2024 3315 nota:
2068 3257 2169 3316 lu'c
2211 3258 2561 3318 describitur
2598 3273 2824 3319 morta·-

649 3338 792 3397 litae
823 3343 1001 3420 quasi
1023 3344 1328 3421 siczctJitit
1361 3342 1541 3407 1348.
1628 3338 1791 3398 idem
1835 3343 2055 3420 legitur
2078 3346 2138 3400 in
2166 3344 2486 3403 Periochis.
2578 3349 2827 3424 pestifer

653 3436 853 3483 nutem
893 3427 1057 3487 illius
1102 3430 1241 3485 anni
1288 3428 1527 3486 morbus
1565 3427 1845 3485 omnibus
1887 3431 2144 3486 innotuit
2172 3433 2547 3508 potissimum
2578 3452 2657 3488 ex
2689 3429 2818 3489 1011.

652 3512 987 3570 Boccaccio.
1072 3517 1234 3591 Virg.
1266 3514 1426 3570 Aen.
1456 3518 1494 3578 6
1532 3513 1692 3576 695:
1740 3510 1928 3570 tristis
1958 3515 2189 3592 imago,
2233 3525 2292 3573 et
2317 3520 2356 3578 ‘2
2390 3519 2548 3579 869:
2593 3527 2649 3573 et
2668 3515 2820 3593 plu-

651 3596 805 3654 rima
834 3601 1039 3656 mortis
1052 3601 1284 3701 frango.

819 3681 962 3747 846.
1049 3685 1110 3740 in
1152 3688 1342 3762 prima
1379 3693 1543 3761 parte
1585 3640 1765 3739 huius
1811 3700 2015 3739 versus
2064 3682 2260 3740 innuit
2304 3688 2479 3760 poeta
2529 3681 2822 3739 diluvium

655 3765 985 3839 universale
1030 3767 1391 3846 descriptum
1440 3788 1474 3825 a
1511 3770 1700 3825 Moise
1731 3767 1793 3821 in
1827 3766 2073 3841 Genesi,
2117 3770 2184 3825 in
2224 3768 2409 3826 altero
2439 3777 2638 3826 autem
2668 3766 2825 3826 illud

655 3847 1037 3928 Thessaliae,
1079 3852 1241 3933 quod
1275 3851 1766 3922 cecinitOvidius
1794 3853 1946 3908 Met.
1984 3854 2042 3914 1.

662 3965 672 3973 ·
822 3935 964 4000 847.
1050 3938 1245 4016 letifer
1265 3958 1464 3995 annus
1487 3938 1650 4015 Virg.
1679 3938 1837 3997 Am.
1860 3938 1903 4001 3
1952 3938 2089 4001 189.

825 4020 969 4086 849.
1056 4022 1173 4081 feci
1211 4022 1499 4079 hausisse.-
1544 4042 1687 4079 nam
1723 4022 1879 4078 clare
1906 4018 2003 4078 hic
2029 4040 2222 4079 sermo
2248 4031 2339 4080 est
2365 4020 2438 4082 de
2466 4024 2705 4101 sagittis
2729 4024 2829 4080 da·-

662 4108 859 4182 pinax,
887 4126 1102 4188 nempe
1137 4109 1429 4186 Apollinis
1449 4152 1463 4179 ‚
1510 4128 1660 4188 quae
1687 4117 1941 4165 mortem
1968 4106 2301 4165 inferebant
2327 4109 2599 4184 Graecis,
2633 4120 2712 4167 ut
2732 4110 2826 4166 le-

546 4202 554 4209 ·
658 4194 816 4267 gitur
849 4191 1008 4270 apud
1031 4197 1360 4251 Homerum
1384 4192 1567 4259 Iliad.
1605 4198 1629 4255 1
1655 4192 1762 4261 ,43
1792 4201 1850 4247 et
1878 4210 2046 4272 seqq.

820 4280 966 4343 855.
1055 4276 1225 4337 Ovid.
1272 4278 1443 4335 'frisa
1478 4283 1505 4340 1
1556 4282 1593 4341 3
1641 4281 1752 4340 21:
1798 4274 1992 4334 luctus
2013 4280 2386 4356 gemilu-§qne
2410 4277 2721 4335 sonabam.
