3210 5200
868 375 960 440 IN
1009 373 1534 440 IOHANNIDOS
1583 371 1679 439 m
1724 371 2031 439 NOTAE.
2397 369 2547 442 247

532 543 677 606 868.
763 540 928 616 Virg.
970 538 1131 595 Aen.
1174 540 1207 600 1
1261 541 1411 601 122:
1454 549 1752 616 apparent
1788 540 1919 595 rari
1961 548 2170 595 nantes·
2206 540 2272 597 in
2311 542 2555 619 gurgite

372 637 562 698 vasto,
622 636 682 684 et
722 628 950 684 Lucan.
993 627 1029 686 1
1077 628 1188 688 271
1248 643 1425 681 rarus
1469 633 1526 681 et
1564 626 1832 703 antiquis
1864 623 2164 681 habitator
2200 625 2267 682 in
2306 625 2552 688 urbibus

367 723 544 771 errat.

540 798 684 859 368.
761 794 964 872 prelia
1013 790 1193 850 habet
1248 793 1429 848 etiam
1468 788 1597 850 Ioh.
1639 794 1710 849 L.
1759 789 1833 849 de
1871 794 2054 850 Bonis
2101 795 2325 873 Bcloga
2369 798 2446 857 10
2483 794 2555 852 de

375 883 575 939 ,Μονιο
603 900 662 936 v.
694 876 771 943 47
794 923 810 954 ,
841 881 961 960 ,qui
988 898 1124 936 cum
1147 878 1283 935 aliis
1308 877 1580 955 pluribus
1611 879 1942 956 exscriptus
1965 876 2192 936 ibidem
2222 891 2311 948 est
2338 900 2416 938 ex
2442 877 2554 937 hoc

375 967 617 1044 Corippi
650 965 802 1021 loco·

547 1051 690 1114 869.
778 1051 863 1107 sic
908 1057 1106 1104 autem
1141 1042 1270 1104 loh.
1300 1048 1371 1104 L.
1401 1043 1476 1103 de
1499 1047 1683 1104 Bonis
1710 1047 1884 1104 citata
1913 1047 2042 1105 Eol.
2065 1067 2122 1105 v.
2156 1046 2235 1110 48
2268 1050 2561 1126 expressit

378 1133 539 1194 huno
572 1149 809 1192 versum
837 1152 954 1189 uno
984 1133 1047 1188 in
1080 1131 1247 1188 loco:
1295 1133 1603 1189 insolutus
1641 1133 1907 1210 magnis,
1952 1143 2009 1190 et
2041 1132 2193 1191 alio:
2240 1134 2473 1190 insalut-
2507 1144 2562 1189 et

378 1240 640 1298 magnus
665 1217 973 1275 cumulata
1002 1227 1088 1272 est
1109 1237 1256 1273 arca
1276 1215 1533 1274 sacellis.
1622 1236 1742 1273 vox
1767 1219 2073 1275 immarus
2097 1220 2299 1296 ignota
2324 1218 2438 1275 fuit
2465 1218 2562 1275 vel

381 1308 494 1384 ipsi
522 1304 881 1374 Forcellino,
922 1314 986 1357 ut
1018 1312 1075 1360 et
1087 1300 1351 1379 jot-ella.
1437 1299 1589 1359 haec
1614 1312 1813 1359 tamen
1842 1321 1960 1359 vox
1994 1301 2255 1366 derivato
2284 1303 2562 1380 asae-ula

380 1390 660 1448 translate
700 1387 801 1446 <hic
836 1397 1072 1464 sumpta
1116 1396 1203 1443 est
1244 1406 1350 1464 pro
1393 1389 1592 1444 munis
1633 1388 1855 1456 marei-⁹5
1900 1398 1957 1444 et
1989 1389 2050 1444 in
2085 1385 2199 1445 hoc
2231 1407 2410 1445 seusu
2441 1408 2562 1445 nou

382 1475 679 1532 invenitur
719 1472 1067 1550 exemplum
1106 1471 1297 1528 ullum
1332 1469 1490 1550 apud
1520 1474 1899 1550 Ducangium
1919 1474 1981 1529 iu
2013 1473 2231 1531 Lexico
2258 1473 2484 1530 mediae
2509 1484 2564 1530 et

382 1560 494 1634 ms
469 1580 625 1615 mae
662 1557 1043 1624 Latinelalts,
1088 1557 1191 1634 qui
1227 1553 1479 1612 eandem
1520 1577 1729 1614 vocem
1764 1558 1942 1613 refert
1977 1578 2055 1614 ex
2081 1560 2259 1616 Actis
2292 1559 2359 1626 S.
2403 1557 2564 1614 Tha-

386 1646 515 1701 ναοὶ
553 1654 605 1700 et
642 1662 932 1700 soc-torum
960 1643 1057 1697 M.
1094 1643 1199 1709 M,
1244 1641 1445 1698 seculo
1470 1641 1508 1704 4
1550 1644 1798 1699 fortusse
1837 1645 2212 1720 conscriptis;
2259 1646 2320 1700 in
2350 1644 2563 1723 quibus

388 1728 536 1786 haec
578 1729 891 1806 leguntur.
939 1735 996 1781 et
1036 1746 1170 1781 mox
1213 1737 1324 1781 tres
1345 1724 1622 1803 fitcellae
1641 1739 2051 1803 apportem-tent
2083 1748 2269 1806 snpra
2303 1730 2564 1804 ipsorum

391 1834 652 1891 corpora.
740 1833 797 1869 v.
844 1810 1054 1868 eadem
1090 1814 1240 1868 Acta
1288 1809 1448 1889 apud
1490 1813 1812 1869 Barouium
1854 1814 1914 1868 iu
1946 1813 2185 1871 Annal.
2217 1813 2562 1870 Ecclesicmt.

390 1898 467 1956 od
496 1917 634 1956 auu.
665 1899 788 1959 290
818 1918 879 1954 n.
910 1899 991 1958 32
1022 1905 1066 1952 t.
1096 1900 1136 1958 2
1173 1894 1268 1952 ed.
1296 1899 1442 1954 Luc.
1474 1916 1533 1973 p.
1559 1899 1679 1961 261
1700 1941 1713 1968 ‚
1755 1909 1930 1976 atque
1975 1918 2046 1954 ea
2093 1917 2244 1977 quae
2288 1901 2414 1976 ipse
2463 1896 2564 1956 hi-

389 1985 604 2042 storiae
639 1981 1069 2040 ecclesiasticae
1097 2000 1313 2059 pareus
1338 1980 1561 2038 ibidem
1586 1983 1765 2060 paulo
1792 1983 1977 2056 infra,
2025 1993 2083 2040 et
2119 1987 2389 2062 superius
2431 2003 2490 2040 n.
2522 1986 2561 2045 2

389 2090 448 2148 p.
473 2072 632 2140 256,
678 2067 846 2125 offert
880 2086 988 2145 pro
1032 2064 1255 2123 tuenda
1297 2069 1631 2125 siuceritate
1675 2079 1854 2146 atque
1891 2070 2237 2148 antiquitate
2266 2071 2562 2125 Actorum

389 2151 747 2226 eorundem3
794 2163 853 2210 et
893 2149 1053 2229 apud
1093 2151 1494 2230 Rosweydum
1538 2155 1599 2210 in
1648 2154 1805 2210 calce
1847 2152 1924 2209 ad
1962 2154 2172 2209 Festos
2209 2155 2564 2211 Sanc-torum

389 2242 749 2316 Antverpiae
781 2239 939 2299 1607
976 2255 1038 2313 p.
1065 2237 1142 2297 91
1182 2257 1231 2293 o.
1271 2239 1372 2299 10.
1460 2240 1570 2294 etsi
1614 2258 1693 2294 ex
1738 2240 1958 2295 Graeco
1992 2235 2199 2294 eadem
2227 2245 2392 2295 Acta
2421 2258 2564 2294 con-

391 2343 560 2381 versa
592 2324 844 2393 fuerint,
887 2331 1089 2376 tumen
1122 2319 1357 2379 videtur
1386 2325 1528 2379 satis
1560 2325 1800 2402 antiqua
1827 2324 2065 2379 illorum
2102 2326 2290 2380 versio
2319 2343 2352 2379 a
2377 2326 2564 2380 Baro-

393 2411 495 2466 nio
537 2417 594 2464 et
620 2403 970 2483 ·Rosweydo
1008 2405 1219 2480 allata,
1266 2417 1324 2463 et
1354 2407 1554 2464 forsan
1586 2409 1886 2487 antiquior
1915 2408 2014 2464 ina
2050 2427 2228 2488 quam
2256 2406 2567 2464 ediderunt

395 2494 605 2552 Surius
634 2494 952 2549 Ruinartus
979 2500 1037 2546 et
1062 2490 1485 2550 Bollandistae.
1575 2491 1736 2570 apud
1777 2494 2017 2550 Surium
2061 2513 2275 2570 nempe
2319 2494 2391 2549 de
2421 2513 2572 2569 pro-

400 2577 554 2637 batia
586 2578 941 2634 Sanctorum
968 2574 1229 2633 historiis
1259 2587 1300 2635 t.
1325 2580 1363 2641 5
1392 2578 1596 2635 Colon.
1629 2580 1877 2657 Agripp.
1911 2578 2070 2643 1580
2096 2599 2156 2656 p.
2177 2581 2299 2641 778
2323 2578 2571 2655 legitur:

398 2662 573 2722 stella
610 2662 980 2719 lucidissima
1021 2680 1051 2717 e
1090 2661 1251 2719 eaelo
1275 2674 1493 2720 terram
1519 2663 1832 2720 illustrans
1864 2674 1920 2720 et
1953 2675 2118 2720 stans
2145 2684 2322 2740 supet·
2352 2682 2577 2720 unum-

401 2747 675 2827 quodque
703 2766 914 2823 corpus
942 2756 1052 2803 etc.
1142 2747 1301 2825 apud
1326 2750 1680 2807 Ruiuartum
1712 2759 1910 2806 autem
1936 2750 1998 2805 in
2029 2748 2207 2806 Actis
2234 2750 2580 2825 fflarlyrum

399 2838 667 2894 Veronae
699 2835 857 2896 1731
888 2851 948 2909 p.
980 2833 1101 2894 393
1136 2852 1195 2888 n.
1240 2837 1343 2906 11,
1386 2853 1499 2891 nec
1528 2854 1645 2891 non
1675 2832 1832 2913 apud
1859 2837 2089 2893 Bueum
2119 2837 2179 2891 in
2209 2835 2387 2890 Actis
2419 2834 2582 2890 San-

400 2930 628 2976 clorum
675 2915 942 2974 Octobris
987 2925 1030 2973 t.
1066 2918 1104 2979 5
1146 2936 1208 2996 p.
1237 2920 1358 2982 688
1409 2939 1459 2976 c.
1495 2919 1534 2983 4
1582 2940 1643 2977 n.
1678 2920 1793 2984 45:
1839 2918 2033 2978 subito
2072 2921 2399 2976 misericors
2436 2918 2583 2975 dens

397 3002 635 3061 stellam
680 3001 1061 3079 splendidam
1094 3000 1168 3059 de
1209 3002 1372 3060 caelo
1415 3005 1619 3075 misit,
1663 3026 1816 3084 quae
1853 3004 2092 3064 sedebat
2128 3026 2307 3081 super
2335 3003 2582 3081 singula

394 3108 649 3165 vor-pom
677 3097 1036 3144 sanctorum.
1126 3092 1402 3167 quumvis
1436 3100 1637 3147 autem
1657 3091 1902 3168 fite-ela,
1947 3091 2309 3161 olusculum,
2356 3089 2581 3146 scriba-

391 3185 498 3231 -tur
531 3170 848 3252 aliquando
890 3170 1113 3251 duplici
1158 3172 1187 3229 l
1207 3173 1478 3251 sacella,
1521 3194 1643 3233 non
1677 3186 1821 3253 puto
1849 3196 1982 3234 eam
2008 3194 2219 3235 vocem
2251 3172 2369 3231 huc
2394 3174 2582 3252 perti-

402 3279 545 3316 nere
572 3258 695 3315 ullo
716 3255 918 3315 modo.

573 3346 714 3405 870.
747 3389 761 3397 .
798 3345 864 3399 ἰιι
903 3346 1079 3400 citata
1117 3343 1247 3399 Eol.
1288 3346 1365 3408 10
1405 3341 1534 3401 loli.
1565 3345 1637 3401 L.
1676 3341 1750 3400 de
1773 3345 1957 3402 Bonis
2002 3364 2061 3401 v.
2096 3342 2173 3406 49
2218 3345 2303 3402 sic
2328 3343 2581 3421 legitur:

408 3438 463 3485 et
506 3438 702 3485 tamen
744 3427 916 3484 ardet
957 3431 1157 3504 inope,
1198 3448 1529 3508 numquam
1573 3438 1881 3486 saturatur
1925 3449 2167 3486 avarus.
2254 3430 2371 3487 feci
2404 3428 2585 3486 ardor

406 3532 616 3592 opum,
658 3523 725 3570 ut
745 3511 906 3592 apud
935 3512 1105 3571 Ovid.
1138 3514 1289 3570 Met.
1319 3517 1358 3577 8
1401 3518 1556 3578 828:
1587 3514 1760 3592 fierit
1784 3513 1965 3570 ardor
1987 3512 2214 3570 edendi.

577 3601 720 3661 878.
807 3598 1079 3675 defuncti
1112 3609 1198 3654 est
1227 3598 1387 3677 apud
1421 3597 1494 3655 de
1526 3601 1710 3657 Bonis
1744 3601 1840 3656 cit.
1873 3598 2001 3656 Ecl.
2039 3602 2112 3660 10
2156 3599 2257 3659 53.

578 3687 721 3748 888.
808 3683 901 3740 bis
925 3686 988 3739 in
1020 3684 1125 3741 lib.
1157 3687 1198 3745 2
1227 3684 1300 3741 cle
1328 3684 1497 3742 laud.
1525 3685 1707 3754 Just„
1758 3695 1816 3741 et
1848 3684 2164 3763 quinquies
2203 3683 2263 3737 in
2310 3680 2585 3758 operibus

411 3769 679 3845 Virgilii,
744 3766 903 3846 apud
948 3788 1129 3848 quem
1172 3769 1523 3849 plerumque
1564 3771 1734 3826 initio
1772 3789 2011 3843 versuS,
2066 3769 2353 3846 reperitur
2386 3768 2590 3844 erigit,

412 3851 522 3910 sed
546 3872 839 3933 nusquam
869 3852 1029 3932 apud
1056 3852 1299 3911 eosdem
1328 3857 1517 3932 reperi
1544 3856 1746 3933 eriget.

585 3938 728 3999 384.
815 3959 945 3996 rem
988 3948 1187 3997 narrat
1222 3941 1543 4016 Procopius
1581 3942 1655 3998 de
1700 3937 1852 3996 bello
1901 3935 2099 3997 Vand.
2129 3938 2168 3997 2
2212 3941 2325 4013 21,
2370 3948 2435 3994 ut
2471 3938 2591 3993 iam

423 4024 595 4078 retuli
633 4018 710 4077 ad
760 4029 789 4086 1
835 4021 978 4084 469.
1064 4044 1123 4081 v,
1172 4034 1229 4080 et
1279 4027 1317 4085 2
1361 4028 1442 4086 28
1492 4035 1547 4081 et
1593 4044 1761 4105 seqq.
1849 4032 2151 4102 praeterea
2188 4024 2318 4100 ipse
2352 4022 2599 4081 Antalns

422 4104 691 4181 producit
732 4124 938 4164 causas
968 4128 1109 4166 suae
1136 4107 1485 4166 defectionis
1514 4128 1548 4167 ει
1572 4113 1841 4169 Romano
1871 4110 2122 4186 imperio
2149 4109 2212 4164 iu
2243 4108 2492 4187 epistola
2523 4104 2600 4164 ad

420 4192 844 4266 Rufinianum,
890 4208 1066 4270 quam
1100 4197 1302 4252 recitat
1332 4192 1494 4251 idem
1522 4196 1845 4274 Procopius
1879 4192 1985 4250 lib.
2020 4194 2116 4250 cit.
2154 4213 2206 4251 c.
2241 4198 2345 4258 22.

590 4277 732 4338 393.
786 4275 1050 4354 -Libyae
1077 4281 1326 4337 sitientis
1350 4300 1564 4337 arenas
1591 4283 1815 4339 Lucan.
1853 4281 1884 4340 1
1931 4280 2072 4341 358-

587 4358 732 4422 894.
820 4360 991 4419 Ovid.
1024 4362 1172 4421 Met.
1201 4365 1239 4427 5
1281 4363 1440 4428 484:
1488 4377 1542 4422 et
1570 4367 1739 4423 modo
1766 4363 1858 4420 sol
1882 4365 2120 4421 nimius.
