3210 5200
1270 416 1761 486 PRAEFATIO.
2432 444 2602 493 nxm

410 584 626 642 liciano
650 581 711 639 in
737 576 883 639 sede
908 581 1205 660 Ruspensi
1234 580 1430 641 eidem
1465 595 1599 663 post
1630 604 1858 644 annum
1883 585 2183 665 integrum
2210 588 2458 651 suffecto
2484 589 2592 650 de·

410 686 652 744 dicavit.
739 702 860 763 qua
904 681 980 740 de
1021 704 1085 741 re
1112 685 1337 743 factum
1364 684 1479 743 hoc
1507 706 1637 745 esse
1668 697 1898 746 constat
1925 707 1980 745 a.
2010 690 2122 747 sal.
2154 689 2304 767 534,
2349 712 2469 774 quo
2491 697 2595 752 lu..

417 790 705 847 stinianus
734 788 994 864 Magnus
1024 804 1249 843 annum
1272 790 1312 850 8
1346 776 1593 866 imperii‘
1608 790 1700 846 sui
1728 790 2098 849 numerabat.

578 887 757 950 Unde
803 907 946 949 vero
992 888 1184 946 bonus
1231 886 1545 947 adnotator
1582 893 1875 968 acceperit
1903 893 2284 950 Cresconium
2317 894 2598 952 collecto-

416 1011 546 1051 rem
574 993 883 1049 canonum
915 990 1102 1048 fuisse
1129 991 1472 1069 episcopum
1499 988 1768 1051 divinare
1801 1011 1924 1051 non
1950 997 2163 1052 ausim.
2249 997 2598 1074 quinetiam,

416 1098 470 1153 si
497 1091 944 1174 praelaudatam
976 1093 1288 1178 epistolam
1314 1093 1742 1152 cresconianae
1767 1096 2100 1155 collectioni
2122 1096 2451 1175 praefixam
2479 1101 2596 1157 ite-

417 1216 551 1254 rum
595 1195 902 1267 consulas»,
945 1194 1122 1252 facile
1162 1193 1461 1272 intelliges
1495 1196 1623 1254 eius
1656 1207 1983 1272 auctorem,
2028 1200 2240 1258 saltem
2269 1211 2411 1258 tunc
2437 1211 2595 1258 tem-

418 1301 608 1377 poris,
654 1296 994 1353 nullatenus
1033 1293 1218 1353 fuisse
1252 1296 1316 1353 in
1360 1296 1470 1354 tali
1517 1295 1803 1376 dignitate
1841 1301 2258 1357 constitutum:
2316 1301 2597 1360 Libet-ino

418 1402 580 1457 enim
607 1397 937 1456 subiectum
962 1416 1026 1454 se
1056 1394 1199 1453 dicit
1216 1441 1232 1470 ‚
1279 1408 1337 1455 et
1370 1399 1637 1455 Liberini
1658 1410 1922 1475 paterna
1952 1404 2302 1460 auctoritate
2329 1416 2598 1462 coactum

414 1511 483 1560 ut
521 1501 687 1580 operi
725 1514 975 1557 manum
1000 1497 1362 1557 admoveret.
1448 1498 1563 1557 hae
1595 1498 1841 1579 phrases
1870 1500 2035 1559 haud
2059 1503 2210 1560 bene
2242 1508 2599 1563 conveniunt

413 1607 697 1683 episcopo
729 1600 809 1658 ad
841 1602 1183 1680 episcopum
1217 1602 1527 1675 scribenti,
1586 1604 1820 1660 etiamsi
1852 1590 2100 1682 probare
2129 1623 2333 1682 posses
2364 1606 2599 1664 Liberi-

419 1724 571 1763 num
601 1698 913 1760 Cresconio
941 1706 1429 1780 praestantiorem
1451 1706 1636 1762 fuisse
1662 1724 1770 1762 seu
1796 1704 2086 1781 dignitate
2109 1707 2298 1764 veluti
2327 1710 2599 1785 primatis

419 1817 486 1863 et
513 1802 937 1882 archiepiscopi
960 1824 1067 1863 seu
1096 1806 1445 1886 antiquitate
1475 1808 1948 1867 consecrationis.

587 1907 850 1962 Demum
880 1917 982 1965 ant
1024 1910 1224 1966 minus
1254 1912 1541 1967 veraciter
1568 1919 1670 1966 aut
1700 1909 1912 1968 saltem
1933 1909 2133 1967 minus
2161 1908 2478 1986 diligenter
2499 1911 2598 1966 in-

413 2008 683 2068 dicatum
717 2017 858 2085 puto
891 2009 966 2064 ab
995 2008 1339 2068 adnotatore
1364 2021 1781 2089 argumentmn
1807 2012 2084 2069 carminis
2110 2010 2184 2068 de
2214 2009 2385 2067 bellis
2407 2009 2603 2087 Liby-

414 2114 543 2182 cis,
593 2108 758 2191 qnod
782 2112 839 2168 ei
863 2112 1268 2170 innotescebat
1295 2114 1593 2173 Cresconii
1617 2115 1860 2171 nomine
1885 2114 2252 2191 inscriptum.
2339 2112 2392 2169 si
2419 2113 2602 2184 enim,

414 2214 561 2295 quia
583 2225 728 2272 tunc
757 2213 908 2270 forte
932 2212 996 2270 in
1026 2233 1126 2271 ore
1156 2212 1322 2292 vulgi
1353 2215 1760 2274 celebrabatur
1788 2217 2103 2295 praecipue
2135 2214 2386 2291 insignis
2413 2213 2607 2271 victo-

415 2321 539 2392 ria,
589 2335 773 2397 quam
809 2317 1102 2374 recentius
1143 2318 1208 2373 in
1247 2317 1450 2375 Africa
1498 2316 1573 2375 de
1620 2316 1929 2377 Saracenis
1977 2316 2272 2375 Iohannes
2316 2316 2609 2372 Patricius

415 2422 569 2496 imp.
596 2417 844 2475 Leontio
875 2428 1313 2495 reportaverat,
1366 2418 1523 2477 hanc
1568 2420 1676 2477 ille
1713 2420 2023 2477 victoriam
2068 2415 2448 2474 cresconiani
2477 2433 2612 2472 car-

418 2522 602 2579 minis
646 2529 1061 2596 argumentum
1109 2539 1239 2577 esse
1287 2519 1562 2580 adserere
1609 2517 1901 2593 intendit,
1957 2527 2133 2597 prout
2190 2514 2499 2574 Chifletius
2551 2525 2613 2573 et

422 2621 770 2680 Contantius
816 2622 931 2678 sibi
971 2634 1423 2699 persuaserunt,
1468 2624 1746 2681 falsitatis
1778 2640 1918 2679 eum
1949 2630 2205 2697 arguunt
2235 2620 2414 2697 primi
2449 2620 2613 2676 eius·-

421 2722 568 2784 dem
600 2724 870 2781 carminis
901 2742 1109 2781 versus
1137 2742 1173 2781 a
1202 2724 1564 2804 Cuspiniano
1595 2722 1778 2797 editi,
1823 2722 1925 2802 qui
1950 2720 2181 2778 bellum
2206 2718 2476 2779 indicant
2500 2740 2612 2779 va·-

420 2829 513 2887 rio
543 2846 612 2883 ac
639 2823 913 2883 diuturno
944 2827 1135 2883 Marte
1161 2826 1448 2905 agitatum
1469 2872 1485 2901 ,
1532 2848 1671 2886 cum
1704 2848 1737 2885 e
1766 2825 2055 2884 contrario
2096 2823 2326 2880 bellum
2362 2823 2615 2882 Sarace-

414 2931 626 2988 nicum
666 2927 776 2985 sub
816 2924 1063 2985 Leontio
1111 2927 1279 2986 brevi
1317 2931 1603 3009 temporis
1640 2931 1833 3008 spatio
1866 2927 2202 2984 confectmn
2230 2943 2360 2983 esse
2387 2933 2615 2982 constet

419 3051 506 3091 ex
558 3030 871 3088 Anastasio
926 3027 1383 3090 Bibliothecario
1450 3042 1509 3089 et
1570 3030 1872 3104 Cedren0‚
1941 3030 2046 3108 qui
2088 3029 2215 3086 eius
2259 3029 2611 3086 meminere.

417 3133 772 3196 Anastasius
795 3133 877 3188 ita
902 3130 1203 3210 loquitur:
1259 3133 1474 3191 mundi
1500 3154 1662 3191 anno
1689 3135 1872 3191 sexies
1900 3121 2210 3188 millesimo
2241 3134 2361 3195 190
2373 3172 2401 3201 ,
2449 3130 2611 3188 divi-

421 3254 541 3294 nae
583 3233 1013 3291 incarnationis
1056 3235 1180 3296 690
1189 3273 1216 3303 ,
1286 3256 1449 3293 anno
1488 3256 1625 3294 vero
1665 3235 1901 3312 imperii
1931 3233 2173 3290 Leontii
2211 3234 2377 3290 tertio
2393 3274 2420 3303 ,
2481 3233 2611 3290 acie

420 3335 666 3397 Arabes
691 3337 759 3392 in
777 3333 1068 3412 Africam
1099 3344 1261 3391 mota
1288 3337 1450 3397 hanc
1484 3337 1868 3397 obtinuerunt
1877 3377 1904 3407 ,
1957 3346 2015 3394 et
2051 3357 2121 3393 ex
2154 3337 2402 3412 proprio
2447 3354 2610 3391 exet·-

419 3442 549 3498 citu
576 3447 808 3495 taxatos
832 3440 899 3493 in
927 3457 997 3494 ea
1022 3438 1313 3515 quosdam
1335 3441 1779 3497 constituerunt.
1850 3437 2068 3518 quihus
2087 3439 2396 3515 compertis
2407 3438 2611 3494 Leon-

424 3544 548 3598 tius
570 3542 749 3597 mittit
772 3537 1104 3597 Iohannem
1133 3541 1470 3600 Patricium
1494 3544 1693 3612 vitum
1715 3541 1991 3599 idoneum
2017 3559 2153 3596 cum
2178 3537 2454 3596 omnibus
2480 3539 2615 3596 Ro-

423 3643 626 3700 manis
649 3639 938 3699 classibus
952 3663 979 3713 ,·
1042 3643 1151 3720 qui
1182 3663 1322 3699 cum
1357 3642 1782 3722 Carthaginem
1798 3642 2163 3720 pervenisset
2195 3651 2250 3696 et
2272 3638 2424 3696 bello
2455 3651 2617 3697 cate-

420 3764 576 3804 nam
605 3754 821 3820 portzw
872 3745 1000 3801 eius
1042 3746 1372 3821 apemisset
1418 3746 1802 3824 inludensque
1843 3746 1905 3802 in
1935 3743 2171 3822 sagam
2220 3745 2620 3813 convertis-set,

416 3847 534 3905 hos
568 3845 824 3903 milae»-
854 3847 1153 3904 in-secutzw
1188 3847 1466 3905 universa
1494 3845 1770 3905 liberavit
1797 3846 2060 3926 Africae
2088 3857 2306 3903 castra.
2397 3847 2450 3904 si
2485 3847 2646 3925 quis-

420 3958 625 4005 autem
661 3947 834 4005 malit
871 3946 1312 4024 adnotatorem‚
1357 3947 1688 4009 secundum
1722 3952 1930 4008 aetatis
1958 3967 2101 4008 suae
2126 3968 2390 4023 morem,
2437 3948 2622 4007 Sara-

425 4069 710 4109 cenorum
739 4049 983 4108 nomine
1008 4052 1318 4109 Africanas
1346 4052 1937 4132 gentesappellasse,
1979 4050 2261 4108 Africana
2287 4051 2429 4109 licet
2459 4051 2621 4109 bella

425 4153 535 4210 sub
567 4154 897 4212 Iustiniano
920 4163 1085 4230 gesta
1110 4151 1374 4211 indicare
1405 4157 1690 4230 voluerit,
1739 4174 1877 4214 eum
1905 4173 2027 4212 non
2052 4153 2238 4211 fuisse
2265 4151 2622 4210 mendacem

425 4251 612 4330 dabo,
673 4253 788 4313 sed
841 4253 907 4312 in
966 4257 1324 4335 proprietate
1383 4258 1701 4316 verborum
1762 4258 1963 4314 minus
2005 4253 2357 4334 diligentem
2404 4250 2626 4312 dicam.

416 4360 819 4439 quamobrem
860 4376 1002 4421 cum
1034 4358 1514 4441 Eneresconius
1545 4360 1835 4439 Corippus
1862 4359 2032 4418 libris
2063 4359 2188 4418 suis
2215 4355 2291 4414 de
2313 4349 2485 4411 bellac
2506 4353 2627 4412 Li·-
