3210 5200
975 387 1477 456 PANEGYmcl
1524 389 1993 473 RELIQUIAE.
2479 395 2565 464 11

551 553 815 617 Danuvii
842 572 979 610 cum
1006 573 1155 632 pace
1182 553 1368 631 redit,
1409 556 1770 637 Tanainque
1795 558 1993 615 furore

550 661 721 718 exuit
737 702 753 732 ‚
801 666 861 713 et
886 658 1061 734 nigro
1090 654 1413 715 candentes
1438 656 1680 715 aethere
1706 669 1894 717 terras

549 765 738 819 Marte
769 778 879 817 suo
911 761 1171 817 caruisse
1193 760 1380 817 iubet.
1470 758 1637 817 dedit
1659 764 1778 817 otia
1809 763 1968 817 ferro

552 865 850 923 Caucasus
868 905 886 936 ‚
931 871 992 919 et
1021 863 1186 920 saevi
1218 859 1618 919 condemnant
1643 863 1872 941 proelia
1900 881 2094 941 reges.

467 966 509 1031 6
550 962 784 1024 addidit
812 960 1051 1019 hiberni
1077 963 1432 1021 famulantia
1457 962 1705 1021 foedera
1729 961 1977 1022 Rhenus

552 1069 741 1143 orbis,
785 1075 845 1124 et
874 1066 1179 1142 Hesperiis
1204 1064 1361 1123 flecti
1388 1060 1699 1125 contentus
1729 1062 1982 1124 habenis

549 1167 773 1249 gaudet
807 1167 881 1224 ab
894 1166 1141 1223 -alterna
1173 1165 1451 1247 Thybrin
1480 1170 1595 1227 sibi
1627 1189 1888 1227 crescere
1920 1171 2070 1247 ripa.

549 1274 760 1330 lustrat
784 1270 1159 1327 Aremoricos
1186 1270 1310 1327 iam
1338 1272 1543 1329 mitior
1570 1271 1765 1329 incola
1795 1272 2016 1345 saltus3

543 1372 809 1454 perdidit
839 1381 897 1429 et
921 1390 1117 1429 mores
1141 1373 1355 1447 tellus,
1400 1368 1765 1453 adsuetaque
1795 1393 1973 1430 saevo

424 1481 503 1541 10
546 1478 793 1533 crimine
832 1475 1131 1553 quaesitas
1163 1475 1330 1533 silvis
1360 1477 1552 1533 celare
1580 1478 1840 1554 rapinam,

547 1576 722 1635 discit
744 1579 1071 1655 inexpertis
1101 1579 1379 1635 Cererem
1408 1580 1779 1635 committere
1809 1576 2066 1653 campis;

549 1682 953 1759 Caesareoque
984 1678 1089 1737 diu
1113 1698 1329 1739 manus
1355 1680 1653 1739 obluctata
1685 1668 1876 1737 labori

547 1783 795 1840 sustinet
822 1793 1093 1861 acceptas
1116 1794 1317 1840 nostro
1347 1784 1455 1841 sub
1484 1783 1728 1841 consule
1762 1782 1963 1857 leges3

543 1895 605 1942 et
631 1887 904 1965 quamvis
935 1887 1156 1944 Geticis
1182 1886 1417 1944 sulcum
1443 1881 1769 1944 confundat
1795 1882 2024 1954 aratris,

418 1985 496 2050 15
537 1986 791 2044 bai-bara
814 1988 1045 2045 vicinae
1072 1988 1292 2065 refugit
1320 1991 1610 2047 consortia
1637 1987 1854 2065 gentis.

537 2085 682 2147 hinc
713 2108 983 2169 quoque,
1025 2087 1361 2169 Tyrrhenis
1392 2109 1509 2171 qua
1542 2090 1817 2147 fluctibus
1843 2088 1966 2144 ima
1996 2083 2241 2144 resultat

537 2191 767 2266 Gallia,
814 2202 873 2248 et
908 2193 1054 2250 aerii
1085 2192 1487 2252 conscendens
1513 2191 1699 2250 ardua
1728 2192 1951 2249 montis

540 2294 734 2351 limite
760 2293 1036 2353 nlmboso
1062 2305 1248 2355 terras
1276 2299 1620 2376 perstringit
1646 2293 1919 2365 Hiberas,

538 2397 627 2453 nil
655 2399 842 2454 nostri
866 2398 989 2453 iam
1012 2398 1158 2456 iuris
1187 2410 1332 2456 erat.
1418 2396 1527 2456 sed
1551 2398 1809 2475 belliger
1837 2395 1996 2451 ultor

412 2501 499 2562 20
539 2501 836 2578 captivum
866 2502 1150 2557 reseravit
1176 2503 1320 2576 iter,
1366 2501 1717 2580 clausasque
1742 2496 1967 2573 recepit

542 2604 788 2680 expulso
817 2599 1116 2681 praedone
1146 2605 1307 2678 vias,
1351 2605 1727 2682 populosque
1753 2599 1976 2658 relictis

543 2706 782 2763 urbibus
810 2708 1071 2781 etvsociis
1102 2706 1355 2764 confinia
1382 2703 1646 2764 reddidit
1676 2703 1856 2762 arvis.

440 2859 457 2876 .
541 2805 802 2888 undique
828 2809 951 2867 iam
979 2807 1276 2892 Scythicis
1307 2816 1510 2888 erepta
1537 2807 1837 2867 furoribus
1861 2801 2098 2864 hostem

620 2954 651 2987 ᾖ

614 3189 647 3223 ἡ

359 3533 419 3587 in
439 3531 555 3585 aliis
574 3531 873 3588 membranis
905 3547 942 3586 n
964 3548 986 3586 ι
1006 3548 1027 3586 1
1049 3547 1084 3586 n
1119 3549 1215 3604 pro
1243 3533 1493 3602 salimur
1517 3530 1879 3599 subscribitur,
1911 3529 2105 3583 omissis
2129 3528 2337 3584 alternis
2356 3529 2542 3585 litteris

359 3620 501 3672 quae
534 3602 632 3655 alio
670 3605 839 3656 colore
859 3602 1261 3672 interponendae
1283 3609 1455 3656 essent
1473 3641 1489 3667 ‚
1521 3603 1573 3655 id
1593 3601 1727 3670 quod
1750 3601 1862 3652 fere
1881 3600 2167 3667 neglectum
2191 3617 2302 3652 esse
2323 3599 2539 3652 videtur.

358 3672 551 3724 Pin-o
592 3673 829 3743 scriptum
868 3688 981 3724 esse
1013 3672 1231 3725 schedae
1268 3672 1508 3741 suadem,
1541 3672 1628 3723 ubi
1664 3671 1846 3722 duetus
1882 3669 2164 3722 litterarum
2188 3669 2435 3736 effingere
2457 3685 2546 3721 co·

357 3749 512 3793 natus
544 3758 679 3793 sumt
721 3750 842 3796 sunt
875 3749 1041 3794 autem
1081 3741 1386 3811 quadratae,
1427 3741 1482 3793 in
1521 3740 1708 3811 quibus
1726 3740 1794 3791 ad
1818 3738 2188 3791 rescribendum
2212 3738 2390 3790 deletis
2411 3738 2548 3790 inter

357 3826 395 3862 ιν
430 3817 484 3861 et
526 3826 559 3862 a
599 3812 879 3878 aegerrime
917 3810 1270 3878 distinguitun
1306 3810 1488 3872 aliter,
1525 3827 1705 3879 parum
1729 3809 1931 3861 diversa
1952 3807 2179 3873 ratione,
2211 3807 2545 3877 supplendum

359 3886 496 3931 esset
531 3880 908 3947 PrAEsa‘riO.
943 3909 1011 3919 -
1048 3881 1111 3932 ad
1137 3879 1369 3933 carminis
1390 3896 1442 3931 v·
1464 3880 1501 3931 4
1521 3878 1635 3934 cod.
1670 3879 1794 3932 sevi.
1829 3905 1898 3917 —-
1932 3894 1985 3929 v.
2008 3879 2042 3931 7
2076 3879 2246 3930 fateor
2280 3894 2361 3929 sne
2397 3876 2550 3929 huius

358 3963 536 3999 versus
558 3963 759 4001 sensum
788 3961 890 4001 uon
913 3949 1132 4018 assequi.
1204 3957 1423 4001 ceterum
1448 3947 1514 4000 de
1536 3948 1718 4002 Rheno
1741 3947 1953 4000 subacto
1975 3963 2074 3999 non
2097 3954 2175 3999 est
2198 3952 2384 4016 poetae
2406 3963 2545 3998 men-

356 4015 576 4069 dacium:
614 4025 814 4071 constat
850 4016 976 4070 enim
1011 4018 1236 4071 Francos
1276 4017 1339 4070 ad
1376 4018 1605 4069 Rhenum
1642 4019 1706 4086 ab
1729 4016 1876 4069 Aetio
1899 4016 1964 4067 ad
1990 4016 2283 4086 obsequium
2307 4016 2543 4068 redactos

354 4085 844 4155 Burgundionesque
878 4087 1092 4139 domitos
1122 4087 1298 4139 fuisse.
1326 4113 1395 4125 -
1428 4103 1480 4138 v.
1509 4089 1574 4140 12
1604 4085 1710 4139 divi
1744 4085 1854 4137 lulii
1884 4084 2024 4137 bellis
2044 4085 2289 4140 adversus
2309 4086 2540 4137 Venetos

355 4160 654 4224 ceterosque
690 4155 1032 4210 Aremoricus.
1100 4172 1153 4209 v.
1183 4157 1248 4209 14
1281 4156 1295 4170 “
1332 4155 1435 4208 ‘tur
1467 4163 1569 4208 aut·
1587 4154 1875 4208 Aremorica
1897 4154 2030 4206 ultra
2061 4155 2284 4224 Ligerim
2312 4161 2403 4206 aut
2424 4154 2539 4224 Go-

351 4220 554 4277 thorun
583 4240 800 4294 regnum
836 4242 897 4276 us
934 4241 999 4277 ue
1033 4224 1098 4277 ad
1134 4226 1263 4278 bunc
1338 4225 1507 4278 uvion
1540 4225 1910 4294 porrigebatur.
1982 4240 2034 4275 v.
2062 4227 2125 4279 17
2156 4243 2221 4295 pr
2246 4243 2291 4277 m
2323 4221 2539 4274 condem

348 4308 482 4359 ⁰9⁶⁷
502 4296 622 4346 ard.
691 4311 744 4346 v.
763 4295 841 4348 20
926 4295 1119 4347 arbone
1141 4311 1206 4348 ex
1229 4292 1483 4347 obsidione
1505 4301 1703 4365 erepto.
1739 4322 1805 4336 -·
1840 4295 2093 4348 Romanas
2115 4293 2315 4362 nuptias
2336 4291 2400 4342 de
2422 4288 2564 4359 qui-'

344 4360 447 4414 bus
467 4377 522 4416 v.
540 4364 614 4417 27
635 4375 778 4434 seqq.
812 4368 1101 4430 sermnem,
1135 4362 1424 4431 Eudoxias,
1454 4363 1656 4435 puellae
1674 4358 1957 4434 Augustae,
1989 4379 2106 4416 cese
2124 4361 2372 4432 suspicor,
2406 4375 2537 4429 quas

2601 1605 2652 1657 p.
2689 1590 2756 1645 13
