3210 5200
631 342 730 411 22

785 510 850 572 8.
935 507 1375 566 Commemorat
1421 514 1626 566 auctor
1666 525 1768 566 eos
1816 522 2070 586 quorum
2108 504 2520 569 exhortatione
2563 527 2802 568 carmen

620 604 736 666 hoc
770 610 836 665 in
867 606 1110 665 laudem
1140 608 1353 666 Iustini
1381 609 1818 687 conscripserit.

787 707 851 776 4.
936 710 1250 767 Iustiniani
1299 709 1531 767 obitum
1585 709 1899 767 artificiose
1949 713 2126 786 poeta
2180 706 2528 788 introducit,
2596 724 2664 771 ut
2721 732 2800 772 ex

623 811 892 868 consulto
924 822 1162 869 senatus
1190 812 1487 868 Iustinum
1516 811 1812 869 avunculo
1841 806 2150 887 condignis
2179 809 2476 872 laudibus.

792 913 854 977 5.
939 914 1054 978 Ubi
1122 912 1548 968 conlacrimans
1603 913 1900 985 Iustinus,
1984 920 2043 968 et
2103 909 2178 969 de
2233 925 2423 972 morte
2468 916 2799 974 Iustiniani.
2818 926 2852 981 5

623 1011 768 1072 dum
808 1033 986 1093 sopor
1025 1015 1212 1073 oculis
1253 1016 1620 1092 irrepsisset,
1661 1033 1772 1092 per
1795 1014 2058 1093 quietem
2084 1014 2236 1072 vidit
2263 1029 2528 1074 sanctam
2553 1019 2803 1077 Mariam

619 1119 916 1196 virginem
942 1118 1261 1195 imperium
1286 1117 1403 1174 sibi
1433 1112 1775 1172 decedentis
1802 1116 2075 1172 avunculi
2105 1137 2436 1195 sut-rogare.

789 1222 851 1282 6.
934 1215 1025 1274 De
1065 1219 1277 1275 Iustini
1320 1215 1567 1274 aedibus
1616 1217 1867 1274 Calinici
1901 1219 2206 1277 concitatis
2237 1222 2534 1298 impulsu,
2578 1232 2644 1279 ut
2669 1219 2803 1279 adi-

620 1330 717 1382 tus
747 1318 987 1377 daretur
1017 1320 1252 1380 senatui
1278 1319 1699 1397 imperatorem
1722 1319 2016 1378 Iustinum
2043 1321 2263 1400 eligere
2281 1367 2298 1397 ‚
2343 1332 2401 1380 et
2432 1323 2693 1388 custodis
2725 1324 2804 1383 ad

621 1425 936 1500 strepitum
966 1441 1101 1477 cum
1127 1419 1537 1497 indignatione
1565 1421 1884 1497 responsi&
2823 1436 2889 1490 10

790 1526 851 1584 7.
937 1522 1268 1597 Descriptio
1307 1519 1517 1576 domus
1559 1522 1796 1576 Iustiui.
1884 1539 2068 1599 quam
2104 1522 2361 1598 pretiosa
2392 1527 2530 1585 visu
2560 1538 2619 1586 et
2657 1548 2803 1607 ope..

621 1642 753 1681 roso
778 1623 960 1679 fuerit
986 1621 1192 1678 labore
1223 1631 1553 1678 constructa
1591 1617 1620 1650 ¹⁸²
1637 1615 1828 1696 ¹'‘''¹rit,
1871 1632 1941 1678 ut
1969 1620 2049 1678 ad
2074 1620 2366 1680 honorem
2390 1632 2600 1691 Iustini
2625 1650 2805 1712 quam

617 1743 869 1809 propere
903 1722 1304 1782 convenirent.

789 1928 889 1988 17.
976 1922 1133 1997 Quid
1173 1923 1376 1982 Circus
1424 1923 1524 1981 vel
1574 1923 1701 1982 eius
1747 1933 2064 2004 apparatus
2101 1925 2464 2007 significent,
2504 1925 2604 1986 hic
2627 1937 2804 2012 poeta

618 2022 957 2084 admirabili
987 2029 1215 2084 ratione
1250 2025 1683 2104 complectitur.
2822 2048 2889 2104 15

644 2121 649 2126 ’
791 2131 890 2193 18.
974 2130 1136 2186 Dicit
1184 2126 1285 2186 hic
1335 2130 1439 2207 qui
1495 2130 1761 2206 prhnum
1817 2127 2135 2208 quadrigas
2181 2131 2480 2204 iunxerit3
2545 2141 2604 2188 et
2641 2131 2805 2213 quod

616 2248 771 2286 vana
817 2231 1159 2307 superstitio
1202 2249 1574 2308 paganorum
1620 2227 1800 2286 deum
1840 2232 2031 2289 solem
2074 2235 2407 2312 putaverit3
2464 2236 2568 2313 qui
2601 2245 2805 2294 tamen

614 2325 810 2388 honor
834 2332 979 2389 solis
1007 2343 1217 2410 postea
1242 2332 1529 2389 Romanis
1557 2328 1790 2390 delatus
1819 2343 1930 2390 est.

787 2435 889 2496 19.
973 2435 1196 2492 Amore
1242 2434 1556 2492 Iustiniani
1595 2434 1852 2512 populus
1884 2435 2162 2495 incitatus
2191 2437 2486 2500 Iustinum
2517 2435 2806 2496 heredem

615 2533 788 2613 regni
816 2535 1021 2596 favore
1056 2533 1255 2618 laudis
1286 2533 1654 2619 exsequitur.
2815 2556 2891 2612 20

757 2720 811 2773 2.
845 2717 996 2771 Haec
1028 2722 1146 2771 nota
1168 2717 1236 2771 ad
1258 2718 1474 2788 primum
1495 2716 1590 2768 iam
1615 2717 1795 2771 librum
1818 2716 2029 2786 Corippi
2051 2719 2305 2787 pertinet,
2342 2720 2485 2774 cuius
2507 2739 2599 2775 sex
2619 2723 2806 2793 margi·

616 2785 759 2838 nales
781 2784 1130 2839 distinctiones
1152 2794 1269 2838 sunt
1290 2788 1517 2838 omissae.
1552 2787 1619 2836 B.
1689 2792 2062 2855 praetereaque
2094 2789 2354 2856 perierunt
2380 2791 2530 2845 etiam
2566 2792 2808 2847 interme-

617 2853 732 2906 diae
750 2854 1034 2907 Periocbae
1056 2853 1286 2906 carminis
1308 2871 1409 2922 pan
1542 2853 1610 2903 'ci
1633 2853 1696 2903 ad
1719 2854 2058 2906 Anastasium.
2125 2857 2190 2909 F.

756 2924 810 2977 4.
844 2922 991 2985 Quae
1021 2924 1103 2975 hic
1134 2921 1317 2974 desunt
1350 2938 1479 2989 supp
1502 2920 1574 2972 eri
1612 2920 1822 2972 debent=
1860 2925 2267 2978 commendatum
2293 2929 2585 2982 successisse
2609 2930 2808 2986 doceat.

613 3005 733 3112 paga
765 2991 1012 3111 Ιιιιὲιίιιιιιιι
1043 2991 1245 3044 senatui
1280 3007 1313 3043 a
1345 2990 1592 3042 moriente
1623 2990 1900 3046 Iustiniana
1937 2995 2335 3050 commendatum
2373 2997 2590 3051 traditur
2621 2999 2656 3051 l.
2684 3002 2713 3052 1
2752 3005 2806 3051 et

751 3127 805 3181 5.
840 3127 1047 3181 Excidit
1080 3127 1207 3183 ordo
1244 3126 1545 3181 narrationis
1580 3143 1646 3180 ex
1677 3126 1804 3179 libro
1828 3128 2008 3198 primo.
2076 3130 2242 3183 adfuit
2263 3138 2469 3186 senatus
2491 3133 2714 3196 Iustino,
2750 3138 2807 3186 et

617 3193 685 3247 de
721 3194 1013 3249 infirmitate
1057 3195 1287 3251 avunculi
1322 3195 1583 3259 narravit,
1631 3195 1896 3266 ipsumque
1926 3201 2230 3252 successioni
2258 3200 2620 3257 admovendum
2657 3203 2802 3256 dixit.

618 3263 705 3315 cui
738 3266 957 3321 sermoni
993 3265 1370 3321 conlacrimavit
1405 3266 1648 3318 Iustinus.
1718 3266 1845 3317 haec
1867 3266 2048 3320 desunt
2069 3269 2121 3320 in
2143 3269 2325 3321 lacuna
2343 3271 2427 3323 illa
2451 3273 2579 3323 bene
2604 3288 2804 3339 magna.

618 3337 792 3385 cetera
811 3335 909 3386 iam
933 3342 1197 3402 apparent.
1268 3334 1395 3386 haec
1416 3335 1459 3387 si
1482 3333 1855 3387 considerasset
1874 3336 2174 3402 Puteolanis,
2207 3338 2533 3391 abstinuisset
2565 3340 2806 3391 insertio-

616 3400 695 3453 nis
724 3400 791 3453 de
825 3403 1111 3471 fragmento
1146 3402 1409 3472 opinione,
1442 3420 1591 3472 quam
1632 3403 1794 3471 longis
1830 3404 2017 3474 alioqui
2048 3407 2341 3474 ambagibus
2373 3425 2604 3460 asserere
2625 3409 2804 3460 voluit.

618 3466 788 3522 Maria
808 3488 934 3524 vero
957 3489 989 3522 a
1013 3472 1239 3541 Corippo
1262 3476 1529 3544 poctarum
1552 3479 1780 3524 veterum
1802 3471 2078 3527 imitatione
2098 3475 2453 3543 introducitur,
2477 3477 2562 3544 qui
2584 3478 2676 3530 diis
2701 3478 2807 3529 suis

620 3553 732 3592 cum
753 3539 1063 3610 principibus
1086 3558 1315 3608 magnam
1338 3541 1726 3594 familiaritatem
1749 3541 2019 3596 faciebant.
2088 3545 2275 3599 utinam
2311 3562 2435 3597 vero
2464 3547 2654 3598 Graeci
2676 3545 2805 3599 scri-

615 3611 793 3727 pstgres
828 3608 880 3661 in
915 3608 1101 3665 talibus
1133 3609 1292 3735 ιῐιιίιιιιὲ
1322 3615 1510 3680 poetae
1544 3616 1746 3675 essent,
1780 3627 1992 3682 quorum
2019 3611 2135 3664 libri
2156 3614 2430 3684 posteriori
2450 3632 2577 3673 aevo
2601 3614 2804 3667 secundi

723 3693 831 3733 rum
850 3694 1015 3730 rerum
1040 3695 1132 3733 sun
1160 3716 1175 3730 .
1292 3719 1304 3729 .

759 3747 810 3799 6.
844 3746 1093 3803 Exactius
1129 3748 1256 3800 haec
1289 3747 1490 3800 intuens
1525 3747 1821 3799 monachum
1854 3747 2183 3815 glossatorem
2218 3748 2430 3801 videbis.
2498 3751 2649 3818 poeta
2672 3749 2804 3802 enim

617 3811 833 3867 Pietatis
869 3816 1184 3868 simulacrum
1228 3816 1368 3868 caelo
1408 3816 1717 3868 descendere
1739 3816 1864 3867 facit
1880 3854 1897 3880 ‚
1936 3816 2177 3868 familiare
2198 3824 2259 3868 ut
2277 3817 2419 3869 velut
2441 3824 2688 3886 perpetuo
2711 3818 2802 3869 Iu-

615 3880 771 3935 atino.
838 3882 923 3935 ille
957 3902 1080 3937 vero
1119 3886 1324 3939 beatam
1360 3884 1607 3951 virginem
1638 3901 1702 3936 ex
1735 3901 1797 3935 eo
1832 3884 2116 3937 concinnat.
2185 3902 2280 3936 nec
2301 3884 2421 3937 inde
2444 3886 2603 3937 minus
2626 3887 2802 3940 horum

617 3959 799 4006 auctor
821 3951 1074 4036 corippus
1098 3970 1212 4007 esse
1232 3953 1398 4022 possit
1417 3952 1552 4022 ipset
1587 3952 1813 4008 monachi
1851 3953 1981 4005 enim
2003 3953 2091 4005 diu
2113 3952 2374 4021 imperium
2395 3955 2447 4007 in
2478 3956 2635 4007 bonas
2659 3955 2803 4007 litte-

614 4035 702 4075 ras
736 4022 957 4074 mutandi
994 4022 1189 4086 omnia,
1224 4021 1430 4089 tyranni
1466 4020 1602 4085 veri,
1634 4021 1933 4075 habueruut.
2004 4021 2178 4074 melius
2211 4039 2392 4076 aevum
2415 4023 2580 4092 spirat
2601 4025 2800 4094 phrasis

616 4105 749 4159 quae
768 4091 994 4160 sequitur
1016 4108 1061 4142 c.
1077 4091 1135 4143 6:
1171 4097 1230 4141 at
1253 4091 1428 4143 odiam
1447 4089 1665 4142 darem·-
1685 4089 1890 4141 cenatui
1909 4090 2270 4160 imperatorem
2291 4092 2547 4149 Iustinum
2572 4095 2768 4165 eligere
2778 4111 2804 4157 ‚·

617 4156 1360 4281 ςιιοᾱιῗοιιθοὴὲἰωηξέἐιέοτ
1379 4157 1796 4282 εκωέἐοιοὲὶίωῗ.
1851 4226 1865 4239 ·
2008 4228 2061 4284 F

824 4265 838 4279 .
923 4244 990 4278 on
1072 4241 1132 4278 us
1315 4242 1512 4279 correxi
1554 4243 1581 4278 s
1808 4242 1941 4283 vua·
2055 4265 2074 4284 .

754 4298 836 4354 18.
869 4294 1018 4351 Adde
1037 4294 1370 4367 principibus.
1436 4295 1500 4350 B.
1577 4243 1615 4297 P
