3210 5200
1002 344 1119 413 DE
1168 342 1582 414 LAUDIBUS
1629 344 1965 415 IUSTINI.
2428 350 2571 423 301

391 517 588 586 mani,
629 523 697 573 ut
721 512 980 593 ,egregie
1026 510 1241 573 scribit·
1278 511 1496 591 Cuiac„
1518 510 1600 571 ad
1643 533 1694 572 c.
1718 510 1796 577 42
1852 509 2270 586 cumdileeta,
2317 525 2460 574 extr.
2506 517 2581 576 de

393 601 661 675 confirm.
695 600 833 657 utu.
865 596 967 657 vel
990 598 1191 657 inmil.
1281 617 1459 678 saepe
1498 617 1736 679 quoque
1779 596 1936 656 hanc
1968 599 2323 658 sententiam
2365 602 2579 680 repetit

391 687 749 744 Ammianus
784 684 1168 743 Marcellinus
1187 726 1205 758 ,
1247 684 1409 742 nihil
1450 684 1631 742 aliud
1675 702 1796 747 esse
1842 685 2159 761 impet-iam
2207 687 2329 742 nisi
2371 707 2581 744 euram

391 771 609 829 salutis
631 769 891 826 alienae.-
923 768 1123 842 sanem
1143 770 1289 826 ιἰιείἱ
1310 770 1545 846 imperii
1564 768 1886 826 utilitatem
1914 780 1971 825 et
1997 769 2370 827 commodum
2397 781 2451 826 et
2472 792 2578 830 ea—

392 856 579 914 Iutem
616 852 1013 913 obedientium
1051 853 1381 924 aestimari,
1438 864 1508 910 ut
1550 846 1847 931 sapientes
1891 853 2102 911 docent
2123 874 2222 911 ,ae
2262 854 2573 928 definiunt.

391 938 533 1000 vide
574 937 685 997 lib.
724 940 807 1004 25
848 943 931 1003 29
974 947 1035 996 et
1074 941 1179 1002 30.
1282 935 1495 997 eadem
1535 949 1626 997 est
1667 938 1961 997 sententia
2001 937 2334 1014 Ciceronis,
2397 957 2580 1019 quam

394 1042 576 1104 saepe
614 1022 899 1098 inculcat,
941 1019 1209 1081 maxime
1239 1040 1382 1082 vero
1417 1023 1495 1081 ad
1519 1024 1701 1082 Attio.
1730 1026 1769 1088 8
1800 1040 1896 1102 ep.
1928 1023 2007 1085 11
2039 1033 2099 1080 et
2128 1021 2203 1081 de
2229 1025 2486 1102 Republ.
2515 1027 2579 1088 5.

394 1108 537 1168 vide
566 1110 749 1167 etiam
774 1129 868 1186 ep.
899 1107 934 1169 1
962 1104 1043 1165 ad
1064 1107 1383 1179 Quinetiam
1407 1109 1676 1168 fratrem.
1740 1110 1888 1187 quin
1916 1127 2050 1186 ego,
2091 1108 2274 1185 sisae
2286 1111 2582 1188 piamque

394 1192 747 1253 mortalibus
787 1194 1119 1250 existimare
1150 1191 1453 1264 caelestia,
1494 1193 1734 1251 nullam
1763 1194 2047 1251 maiorem
2075 1193 2426 1253 crediderim
2460 1216 2581 1254 esse

385 1276 735 1358 principum
752 1276 1122 1355 felicitatem
1146 1296 1332 1356 quam
1351 1279 1575 1357 secisse
1595 1278 1818 1357 felices
1845 1287 1904 1334 et
1931 1279 2320 1337 intercessisse
2343 1282 2581 1356 inopiae

394 1376 453 1422 et
495 1364 706 1422 vicisse
730 1363 1058 1441 fiir-tunam
1100 1373 1155 1418 et
1196 1361 1423 1421 dedisse
1465 1362 1695 1421 homini
1728 1381 1949 1421 novum
1965 1362 2211 1441 satum,
2273 1373 2342 1422 ut
2381 1365 2579 1444 inquit

391 1452 525 1508 Lat.
551 1451 754 1506 Pacat.
778 1450 1039 1527 Drepan.
1063 1448 1432 1528 Panegyrico
1462 1445 1541 1505 ad
1562 1445 1992 1509 Theodosium.
2035 1449 2221 1506 Rrr'r.
2309 1459 2399 1507 est
2423 1443 2577 1511 illud

394 1531 741 1607 Claudiani,
799 1532 903 1613 qui
958 1532 1174 1591 talium
1220 1538 1535 1611 poetarum
1581 1543 1903 1612 perpetuus
1938 1542 2109 1610 pater
2153 1542 2276 1592 est:
2319 1534 2580 1611 fallitur
2634 1548 2648 1563 ·

395 1619 632 1697 egregio
663 1618 933 1697 quisquis
959 1615 1071 1675 sub
1092 1620 1371 1696 principe
1399 1617 1582 1676 eredit
1618 1619 1946 1677 eervt'tium:
1990 1635 2291 1695 nmquam
2332 1618 2580 1677 libertas

389 1705 627 1782 gratior
674 1712 862 1759 exstat
903 1722 1089 1781 quam
1127 1701 1241 1761 sub
1277 1723 1423 1782 rege
1449 1704 1575 1780 pio.
1665 1703 1741 1761 ab
1784 1700 1997 1761 eodem
2024 1712 2115 1761 est
2140 1701 2302 1783 quod
2326 1722 2473 1762 mox
2501 1703 2576 1762 de

397 1790 596 1847 Persis
639 1784 903 1845 dicturus
921 1831 938 1861 ‚
994 1786 1157 1868 quod
1198 1798 1258 1847 et
1298 1787 1581 1849 Sidonius
1619 1788 1786 1867 prius
1824 1786 2151 1866 usurpavit.
2236 1788 2390 1847 bene
2432 1807 2573 1850 vero

396 1872 707 1954 sequentia
739 1871 812 1929 ab
842 1874 1124 1952 Assagrio
1157 1872 1473 1933 emendata
1500 1884 1660 1932 sunt.
1744 1876 1993 1935 Burni.

563 1961 667 2022 30.
751 1955 857 2014 ille
897 1960 1108 2037 etiam]
1163 1961 1481 2019 Persarum
1522 1972 1729 2037 regem
1768 1956 2293 2037 imperatoremm,
2358 1960 2577 2018 acerri-

393 2061 564 2102 mum
620 2053 920 2122 perpetuo
958 2041 1287 2123 Gpolitanis
1339 2042 1797 2124 imperatoribus
1844 2041 2153 2102 inimicum
2170 2087 2187 2119 ‚
2244 2042 2579 2121 intelligere

392 2138 538 2208 puto
558 2172 575 2202 ‚
629 2127 794 2208 quod
825 2147 896 2186 ea
923 2147 1073 2207 gens
1101 2129 1292 2189 solem
1321 2128 1594 2188 adoraret
1617 2127 1853 2209 ipsique
1879 2128 2263 2202 sacrificaret,
2306 2137 2374 2185 ut
2409 2128 2583 2187 docet

392 2213 720 2290 Procopius
753 2210 829 2271 de
855 2214 1018 2272 bello
1048 2215 1215 2273 Pers.
1247 2218 1282 2277 1
1314 2222 1374 2273 et
1399 2217 1461 2277 2.
1504 2215 1691 2273 Rmz.
1778 2213 2099 2272 insolentes
2138 2214 2455 2272 Persarum
2483 2231 2583 2272 re-

399 2317 538 2377 ges,
581 2295 835 2355 humani
871 2295 1099 2375 fastigii
1136 2297 1388 2357 modum
1425 2297 1821 2371 excedentes,
1865 2297 1931 2356 in
1972 2298 2186 2358 litteris
2226 2297 2306 2357 ad
2344 2309 2585 2359 exteros

397 2378 524 2442 suis
553 2379 938 2461 epistolisque
963 2383 1317 2443 formalibus
1333 2427 1350 2458 ,
1393 2394 1461 2443 ut
1489 2384 1755 2464 loquitur
1781 2385 2102 2443 Suetonius
2118 2427 2136 2457 ,
2168 2385 2499 2461 participes
2520 2404 2584 2441 se

396 2467 689 2536 siderum,
708 2467 947 2546 fratres
970 2466 1113 2526 solvis
1137 2489 1214 2526 ae
1235 2469 1417 2527 lunae
1438 2470 1880 2547 profitebantur.
1965 2471 2052 2527 sio
2073 2470 2265 2548 Sapor
2288 2470 2582 2528 Constan-

397 2549 485 2611 tio
528 2549 729 2610 scribit
765 2554 1067 2615 Ammian.
1112 2550 1213 2619 17.
1297 2552 1509 2613 Sidon.
1549 2556 1814 2634 Apolliu.
1856 2557 1897 2619 8
1935 2573 2029 2634 ep.
2061 2558 2136 2619 9:
2178 2555 2288 2636 qui
2324 2565 2584 2634 cognata

400 2637 540 2696 licet
561 2635 680 2695 sibi
700 2648 866 2695 astra
875 2638 1128 2717 fingens
1155 2638 1473 2697 Phoebaea
1496 2650 1724 2698 tumeat
1735 2642 2206 2720 propinquitate.
2297 2650 2358 2699 et
2400 2660 2580 2702 carm.

398 2726 519 2786 232
564 2723 672 2802 qui
702 2741 890 2801 supra
925 2734 1207 2801 satrapas
1244 2721 1403 2782 sedet
1444 2734 1758 2802 tyrannus,
1798 2737 2046 2785 ructans
2081 2726 2402 2785 semzkleum
2432 2746 2583 2803 pro-

392 2809 782 2886 pinquitatee.
874 2806 1048 2867 docte
1082 2807 1516 2868 eruditissimus
1547 2811 1793 2869 Savaro.
1880 2810 2189 2871 addendus
2216 2813 2460 2891 elegans
2483 2812 2579 2870 lo·-

402 2913 508 2951 ous
549 2891 777 2950 Lucani
807 2896 880 2967 8,
923 2893 1028 2951 ubi
1070 2892 1235 2951 Medi
1269 2913 1386 2973 pro
1428 2897 1627 2954 Persis
1663 2895 1939 2955 sumendi
1982 2896 2165 2978 (nota
2190 2900 2350 2956 enim
2382 2907 2472 2956 est
2503 2897 2577 2954 ab

400 2975 499 3036 his
526 2975 605 3035 ad
629 2978 768 3037 illos
799 2976 1038 3058 imperii
1070 2976 1448 3058 devolutio):
1498 3001 1533 3039 ο
1571 2984 1807 3040 utinam
1836 3004 1957 3040 non
1983 2994 2154 3041 tanta
2178 2982 2582 3056 mihiscdacia

399 3065 594 3121 naevis
631 3074 777 3121 esset
814 3066 881 3122 in
908 3063 1262 3122 Arsacidis!
1287 3064 1454 3143 satis
1478 3069 1661 3125 nimis
1685 3067 1927 3126 aemula
1951 3070 2321 3147 noca-issam
2345 3076 2581 3124 movent

403 3148 643 3219 Medos,
684 3148 1055 3228 multumque
1075 3151 1334 3229 ingente
1357 3151 1601 3208 deorum
1624 3164 1729 3210 est.
1777 3156 2056 3216 Dtursr.
2138 3156 2384 3212 Persam
2407 3173 2582 3233 περι-

404 3227 635 3308 φρᾶζει.
719 3233 959 3291 Mithra
1000 3236 1163 3291 enim
1199 3237 1417 3294 Persae
1443 3235 1627 3293 solem
1647 3239 1971 3296 vocitantes
1999 3256 2104 3317 pro
2141 3236 2254 3297 deo
2286 3238 2581 3296 colebant.

402 3313 542 3374 vide
573 3317 819 3396 Gyrald.
849 3316 1057 3380 histor.
1090 3317 1252 3380 deor.
1281 3329 1579 3398 syntagm.
1603 3324 1646 3384 7
1676 3341 1737 3399 p.
1770 3325 1912 3384 223.
1954 3326 2142 3382 Rrrr.
2224 3326 2438 3382 Persas
2477 3324 2579 3379 in-

404 3401 642 3478 tellige,
691 3412 750 3461 et
776 3405 1090 3482 praecipue
1120 3405 1484 3482 legationem
1519 3404 1594 3462 ab
1622 3406 1711 3463 eis
1736 3406 1962 3463 Iustino
1992 3409 2240 3465 missam
2268 3427 2376 3487 per
2408 3408 2583 3484 lega-—

403 3493 538 3543 tum
568 3485 850 3564 dignitate
876 3485 1190 3563 Zisohum,
1236 3491 1363 3564 cui,
1409 3487 1554 3546 dum
1581 3490 1697 3547 iter
1724 3500 1957 3566 ageret,
2003 3489 2281 3549 defuncto
2325 3490 2581 3549 suffece-

403 3581 544 3628 runt
587 3570 910 3652 quemdam
945 3572 1281 3637 Mebodem.
1368 3572 1445 3632 de
1483 3572 1600 3633 hac
1624 3574 1924 3654 legatione
1950 3576 2222 3654 pluribus
2255 3575 2585 3636 Menander

401 3656 468 3713 in
497 3658 833 3734 Excerptis.
914 3657 1110 3717 Foen-

577 3745 680 3806 81.
767 3743 1126 3822 suspiciens]
1191 3742 1279 3802 ita
1327 3744 1555 3802 restitui
1572 3787 1590 3819 ,
1650 3763 1789 3802 oum
1832 3756 2007 3806 antea
2044 3755 2201 3805 esset
2235 3748 2579 3826 suscapiens.

406 3822 572 3882 idem
594 3825 883 3886 mendum
914 3829 1230 3909 aliquoties
1256 3829 1412 3887 infra
1431 3873 1449 3903 ,
1492 3840 1560 3888 ut
1585 3827 1940 3891 admonebo.
2013 3834 2243 3889 correxi
2270 3853 2350 3891 ex
2377 3833 2589 3894 Ovidio

409 3909 597 3967 Trist.
634 3916 665 3974 1
713 3917 754 3977 8
804 3911 877 3973 de
920 3914 1105 3971 luna:
1159 3912 1323 3971 hanc
1360 3932 1467 3992 ego
1507 3917 1859 3993 suspiciens,
1912 3928 1969 3974 et
2004 3916 2083 3975 ab
2127 3917 2244 3976 leae
2293 3919 2592 3997 Capitolia

414 4012 673 4052 cernens.
761 3998 1008 4075 Virgilio
1049 4000 1200 4060 Aen.
1244 3999 1322 4059 9:
1385 4001 1713 4076 suspiciens
1756 4002 1955 4061 altam·¹
1997 4003 2229 4062 ἰιιηαηι.
2320 4015 2476 4062 certe
2521 4005 2587 4061 in

412 4079 567 4135 votis
611 4078 1012 4157 concipiendis
1048 4101 1183 4141 mos
1224 4082 1507 4142 solemnis
1555 4084 1636 4143 ad
1677 4087 1872 4145 caelos
1904 4090 2129 4166 erIgere
2158 4091 2395 4163 vultus,
2439 4107 2508 4146 ac
2536 4088 2587 4144 si

414 4157 559 4219 deos
585 4161 869 4221 adhibere
900 4175 1082 4226 testes
1114 4168 1408 4225 factorum
1438 4169 1680 4233 vellent.
1767 4169 1929 4247 dixi,
1972 4184 2039 4231 ut
2086 4193 2290 4254 spero,
2333 4174 2467 4242 fuse
2510 4170 2587 4227 de

412 4242 531 4302 hoc
575 4247 691 4304 ritu
732 4247 811 4305 ad
851 4247 1006 4306 illud
1044 4250 1356 4311 claudian.
1400 4255 1465 4311 in
1507 4253 1664 4318 Ruff.
1702 4258 1776 4319 2:
1835 4258 2072 4318 tandem
2111 4258 2463 4338 indignatus
2504 4255 2596 4313 ad

411 4341 579 4389 astra
607 4332 830 4390 extollit
848 4334 1115 4412 palmas.
1141 4385 1148 4390 .
1201 4339 1482 4402 Dtursr.
