3210 5200
659 332 708 412 8
1389 338 1514 405 121..
1560 334 2108 408 MEROBAUDIS

498 530 557 587 p.
591 516 626 570 8
656 507 884 567 lateant
913 524 1056 587 ergo
1092 502 1183 565 hii
1218 526 1369 588 quos
1399 503 1771 587 deprehendi
1794 506 2018 587 pudet.-
2063 511 2278 569 etemssm
2313 511 2325 590 Ι
2359 511 2553 571 bonae
2586 517 2887 573 conver-5

655 612 905 669 sationIs
943 620 1035 668 est
1071 611 1253 675 nimis
1291 620 1492 690 petere
1532 630 1781 689 compet·
1817 611 1828 690 Ι
1863 619 2017 670 tum.
2102 625 2161 671 et
2195 624 2396 672 tamen
2435 612 2582 670 mali
2620 612 2839 671 frustra

655 713 907 771 arbitros
948 713 1228 791 fugiunt.-
1267 712 1278 789 Ι
1317 711 1465 793 quid
1508 715 1673 770 enim
1715 716 1803 773 eis
1841 712 2084 792 prodest
2124 734 2249 772 non
2286 713 2505 774 habere
2548 714 2838 784 conscios,

655 835 797 873 cum
833 814 845 892 Ι
882 812 1103 875 habent
1141 812 1608 875 conscientiam?
1693 816 1939 875 venient
1984 836 2130 875 sane
2171 814 2254 875 ad
2289 827 2345 874 te
2379 837 2525 895 quos
2550 836 2623 874 νο
2660 815 2670 892 Ι
2706 816 2839 873 lunt
2859 819 2927 871 lo

654 916 882 991 arbitri,
926 936 1110 997 quam
1133 920 1343 978 volunt
1369 920 1563 977 severi
1589 916 1816 978 iudices
1841 938 2074 976 morum
2110 920 2120 997 Ι
2158 929 2337 998 atque
2364 919 2687 991 virtutumr,
2728 937 2843 974 nec

654 1028 891 1078 tantum
952 1019 1202 1081 Catones
1232 1023 1486 1092 ‚nostr-i,
1541 1020 1649 1079 aed
1674 1041 1759 1099 pe
1793 1020 1805 1100 Ι
1843 1021 2078 1099 regrina
2124 1018 2737 1079 Lacedaemoniorum
2784 1028 2843 1076 et

650 1119 1111 1182 Atheniensium
1162 1123 1175 1200 Ι
1231 1125 1521 1181 nominat
1605 1124 1846 1180 nullum
1910 1123 2178 1203 profecto
2248 1133 2487 1200 tempus
2506 1167 2523 1195 ,
2605 1120 2845 1178 nullum

651 1224 850 1296 diem,
902 1224 914 1302 Ι
962 1226 1198 1283 nullam
1276 1224 1539 1304 denique
1599 1221 1813 1282 horam
1875 1226 1942 1282 ln
2013 1225 2241 1282 actibus
2312 1226 2432 1282 tuis
2489 1241 2671 1303 quam
2722 1241 2845 1278 non

651 1326 826 1385 admi
874 1327 885 1405 Ι
936 1337 1141 1385 rentur
1186 1328 1519 1386 invenient.
1602 1327 1715 1383 tibi
1765 1326 1927 1383 enim
1968 1326 2161 1383 cubile
2198 1345 2353 1383 σανα
2391 1347 2467 1382 m
2513 1324 2524 1402 Ι
2575 1343 2683 1402 pes
2738 1332 2840 1380 aut
2858 1326 2925 1381 15

650 1439 832 1488 tenue
871 1430 1148 1487 velamen
1187 1429 1253 1487 in
1299 1428 1593 1506 caespite3
1643 1446 1771 1486 nox
1807 1429 1876 1485 in
1902 1427 2167 1506 vigiliis,
2206 1428 2216 1505 Ι
2255 1426 2383 1485 dies
2408 1429 2474 1484 in
2498 1424 2840 1498 laboribus3

650 1533 873 1617 iniuria
924 1532 1049 1588 iam
1102 1548 1211 1607 pro
1263 1530 1566 1586 voluntate
1576 1551 1604 1603 ;
1663 1528 1854 1587 lorica
1892 1529 1902 1607 Ι
1938 1549 2062 1588 non
2111 1539 2238 1587 tam
2292 1530 2606 1587 munimen
2659 1545 2842 1606 quam

650 1637 1113 1705 vestimentum3
1182 1650 1363 1687 coena
1415 1628 1427 1707 Ι
1477 1649 1599 1688 non
1656 1628 1976 1709 adparatus
2030 1629 2141 1689 sed
2187 1633 2594 1706 conversati03
2670 1638 2838 1709 post-

645 1756 811 1793 remo
840 1777 965 1797 .....
1011 1735 1023 1811 Ι
1060 1737 1167 1814 qui
1189 1735 1323 1792 aliis
1347 1735 1719 1813 procinctus,
1762 1733 1874 1790 tibi
1902 1753 2047 1791 usus
2075 1743 2184 1790 est.
2223 1733 2260 1809 Ι·
2853 1737 2924 1791 20

646 1856 762 1895 nec
797 1838 1074 1895 inmerito
1113 1847 1175 1894 te
1216 1838 1301 1894 ita
1342 1855 1722 1893 communem
1763 1836 2064 1892 alacritati
2090 1854 2167 1891 ac
2196 1832 2261 1889 la
2299 1833 2310 1910 Ι
2344 1834 2511 1907 box-i,
2552 1832 2745 1890 labori
2769 1850 2840 1889 ac

640 1942 956 2020 potestati,
1002 1934 1215 1997 natura
1242 1938 1526 1996 formavit
1551 1978 1680 1993 .....
1726 1935 1737 2014 Ι
1774 1955 1877 1994 ore
1912 1937 2238 2014 ciiumgra.
2257 1954 2432 1995 nares
2465 1936 2526 1992 la
2544 1950 2840 1991 .oran.ra

644 2082 667 2108 .
678 2084 805 2107 .....
848 2042 862 2121 Ι
896 2042 1251 2129 proximitas
1281 2041 1432 2099 tuai
1463 2082 1506 2097 ..
1540 2038 1925 2097 velocitatem
1950 2047 2116 2096 tuam
2146 2078 2301 2096 ......
2329 2029 2367 2122 ΙΙ
2602 2047 2744 2109 ·96ῑ
2776 2031 2840 2092 ·(Ι

1482 2220 1515 2258 ιιι
1726 2220 1759 2279 ²⁸.
1970 2220 2003 2257 n
2109 2258 2112 2259 ⁷

486 2378 542 2433 ρ.
572 2364 611 2419 9
649 2406 778 2428 .....
820 2383 858 2422 a
896 2365 1154 2427 tentorio
1190 2404 1234 2422 ..
1266 2382 1339 2422 ao
1369 2382 1598 2444 quamq
1633 2402 1815 2420 .......
1859 2362 1870 2441 Ι
1913 2401 2042 2428 .....
2077 2361 2398 2419 tentorium
2427 2356 2638 2416 ducit.'
2693 2366 2837 2413 tunc

638 2468 695 2526 ai
740 2466 890 2548 quid
938 2487 973 2525 a
1020 2467 1199 2525 bellis
1239 2467 1249 2543 Ι
1288 2476 1506 2537 vacat,
1547 2477 1657 2524 aut
1699 2468 1849 2524 situs
1895 2465 2135 2524 urbium
2173 2474 2277 2521 aut
2316 2463 2618 2540 angustias
2658 2478 2836 2517 mon-

641 2572 797 2629 tium
834 2571 845 2649 Ι
882 2582 993 2628 cmc
1015 2568 1216 2651 plana
1245 2588 1594 2647 camporum
1628 2579 1732 2628 aut
1761 2570 2080 2627 fluminum
2104 2567 2387 2626 transitus
2416 2575 2517 2633 aut
2555 2563 2566 2640 Ι
2603 2562 2887 2621 νίανιιηιό

641 2674 837 2750 spatia
858 2656 1090 2728 metinis
1106 2715 1122 2744 ,
1169 2682 1349 2749 atque
1373 2671 1459 2727 ibi
1486 2675 1622 2749 quis
1645 2671 1865 2750 pediti,
1909 2674 2042 2752 quis
2080 2669 2090 2746 Ι
2130 2671 2320 2748 equiti
2341 2662 2838 2725 accommodatior

639 2775 842 2848 locus,
887 2775 1024 2852 quis
1061 2772 1342 2827 excursui
1380 2771 1392 2847 Ι
1427 2773 1664 2846 aptior,
1707 2774 1841 2848 quis
1871 2773 2137 2849 receptui
2169 2771 2385 2842 tutior,
2431 2767 2566 2845 quis
2592 2764 2835 2822 stationi

640 2875 813 2932 uberi
851 2874 862 2951 Ι
897 2893 966 2930 or
978 2914 1007 2943 ,
1049 2870 1341 2947 exploras.
1426 2873 1512 2928 ita
1541 2869 1621 2928 ad
1648 2871 1878 2927 bellum
1913 2872 2143 2949 proficit
2181 2873 2364 2929 etiam
2394 2870 2528 2946 ipsa
2564 2868 2630 2923 iu
2667 2865 2678 2944 Ι
2717 2847 2835 2923 ter-

639 2977 842 3033 missio
887 2974 1206 3032 bellorum.
1291 2975 1417 3031 iam
1458 2993 1634 3048 vero,
1698 2983 1936 3052 praeter
1984 2976 2116 3030 Mar
2152 2974 2162 3052 Ι
2199 2975 2310 3030 tio-⁹
2349 2968 2619 3043 labores,
2665 2971 2833 3027 cuius
2854 2979 2928 3033 10-

638 3086 805 3141 tanta
847 3079 913 3142 in
959 3077 1224 3134 consiliis
1269 3077 1574 3151 alacritas,
1620 3076 1686 3132 in
1723 3077 1734 3153 Ι
1772 3074 2011 3134 &deciis
2040 3077 2322 3136 severitas
2340 3119 2356 3150 ‚
2399 3077 2467 3139 in
2502 3073 2834 3162 conloquiis

639 3188 964 3237 mansuetu
1000 3177 1010 3256 Ι
1048 3177 1165 3249 do,
1222 3181 1291 3236 in
1332 3178 1508 3244 mltu
1547 3178 1911 3270 aequalitas,
1966 3181 2033 3237 in
2075 3182 2165 3244 ira
2199 3179 2494 3253 brevitas,
2552 3180 2619 3234 in
2661 3195 2832 3233 amo·

637 3301 706 3341 te
742 3281 755 3362 Ι
793 3279 1197 3340 diuuanitas‘t
1295 3302 1335 3341 o
1383 3281 1929 3349 fortunatissimum
1985 3284 2266 3350 orationIs
2304 3283 2315 3361 Ι
2350 3301 2518 3342 meae
2565 3269 2828 3357 tempus!

635 3568 691 3605 v.
714 3552 751 3606 6
780 3551 1100 3618 agnoscimus
1120 3550 1421 3606 latinitatem
1442 3553 1577 3607 illius
1599 3552 1810 3609 saeculi.
1842 3580 1913 3596 -·
1943 3570 1998 3608 v.
2023 3555 2088 3609 11
2125 3553 2240 3609 cod.
2262 3555 2453 3624 adque.
2520 3571 2575 3606 v.
2601 3555 2668 3608 12
2698 3550 2831 3608 idem

630 3621 1174 3685 Laeaedenwniorum,
1208 3622 1383 3675 eodem
1405 3622 1529 3678 vitio
1548 3622 1689 3693 quod
1711 3623 1764 3674 in
1785 3623 1961 3677 codice
1982 3625 2214 3677 Romano
2237 3623 2303 3676 de
2326 3641 2384 3676 re
2407 3623 2607 3693 publica
2630 3630 2829 3688 regnat.

629 3706 686 3743 v.
711 3689 779 3744 15
812 3689 899 3749 ubi
932 3691 1098 3744 cubile
1136 3691 1348 3760 scripsi,
1380 3690 1615 3744 librarius
1655 3691 1809 3745 civile
1844 3692 2109 3762 scripsisse
2128 3692 2333 3745 videtur
2366 3692 2579 3759 (ultima
2601 3691 2773 3742 littem
2797 3708 2830 3742 e

628 3765 946 3813 mantum
971 3775 1176 3811 numero
1200 3761 1350 3826 esth
1398 3761 1581 3814 deinde
1599 3761 1624 3814 z·
1644 3771 1980 3830 expunctum,
2022 3762 2054 3812 b
2072 3760 2469 3831 superscriptum
2491 3761 2606 3810 fuit.
2675 3775 2730 3810 v·
2764 3757 2827 3810 15

631 3835 691 3882 et
709 3829 779 3881 20
811 3828 1166 3897 supplementa
1231 3846 1327 3882 uae
1349 3829 1611 3883 ffluhmiue
1633 3830 1750 3882 mihi
1772 3830 2037 3900 proposuit
2057 3829 2119 3881 iis
2142 3831 2361 3897 praetuli
2384 3845 2517 3897 quae
2536 3827 2649 3895 ipse
2668 3825 2829 3878 dede·

628 3912 760 3954 nm,
829 3912 880 3952 v,
909 3898 971 3950 17
1005 3898 1208 3953 vooebu
1228 3915 1309 3951 um
1330 3898 1531 3954 iniuria
1555 3899 1710 3951 valde
1731 3899 1936 3953 dubium
1960 3915 2076 3951 ene
2098 3897 2327 3962 videtui-3
2364 3897 2669 3964 omninoque
2696 3896 2829 3947 hauc

634 3964 871 4037 paginam
891 3964 1072 4018 iterum
1095 3965 1277 4036 inspici
1300 3968 1461 4037 cupio.
1508 3984 1661 4036 quum
1683 3979 1848 4020 autem
1872 3975 1987 4020 tota
2008 3966 2273 4020 admodum
2297 3983 2452 4035 aegre
2474 3967 2699 4034 legatur,
2722 3973 2828 4017 tum

632 4050 761 4087 vero
799 4034 955 4087 multo
993 4033 1205 4091 maxime
1238 4036 1396 4088 infimi
1437 4052 1650 4105 versus,
1691 4036 2009 4102 membrana,
2053 4053 2188 4105 quae
2218 4052 2369 4115 quum
2406 4034 2698 4088 tenuissima
2722 4041 2828 4086 tum

626 4102 837 4172 ,scalpro
860 4102 1035 4156 attrita
1058 4110 1170 4167 eat,
1202 4103 1257 4160 vi
1281 4106 1571 4159 attramenti
1593 4123 1625 4158 a
1648 4106 1938 4174 posteriore
1960 4114 2106 4175 parte
2130 4122 2312 4167 exesa,
2347 4105 2422 4158 ita
2443 4113 2500 4156 ut
2521 4111 2646 4171 quot
2666 4104 2715 4154 in
2738 4103 2827 4155 illa

636 4173 923 4226 litterarum
960 4172 1173 4239 ductus,
1207 4173 1418 4225 totidem
1454 4175 1535 4227 hic
1575 4184 1857 4256 appareant
1893 4174 2156 4228 foramina.
2221 4173 2378 4236 igitur
2398 4190 2453 4226 v·
2475 4175 2540 4226 21
2565 4180 2621 4223 et
2641 4175 2711 4226 22
2732 4171 2828 4223 ali-

639 4248 768 4309 quot
803 4241 1004 4294 litterae
1034 4257 1100 4294 ex
1136 4240 1216 4293 bis
1246 4257 1373 4309 quas
1397 4242 1621 4295 indicavi
1644 4250 1871 4296 incertae
1892 4250 2029 4295 sunt·
2063 4272 2133 4283 -
2166 4260 2218 4312 p.
2238 4245 2275 4296 2
2296 4261 2347 4300 v,
2368 4242 2403 4295 5
2433 4243 2599 4312 plum
2621 4257 2829 4309 campo-

636 4325 754 4370 rum
771 4311 840 4370 ab
864 4310 1013 4368 huin·
1032 4309 1151 4370 aevi
1168 4309 1424 4370 inanime
1440 4311 1720 4368 abbonem
1736 4328 1841 4367 non
1861 4312 2036 4368 creda.
2066 4340 2138 4362 -ι-
2172 4329 2226 4367 v.
2247 4314 2315 4370 11
2348 4310 2668 4386 Laupas-dius
2699 4308 2830 4363 mab·
