3210 5200
740 375 884 461 lm
1656 379 1990 449 COEOEH

904 547 1232 626 suscipiens
1256 548 1491 605 fortuna
1515 545 1744 621 virum,
1784 567 1864 605 ne
1888 554 2068 605 staret
2092 545 2335 605 inermis

904 659 1007 706 aut
1035 647 1277 706 humilis
1310 648 1702 729 precibusque
1727 665 1978 726 rogans3
2020 647 2338 725 tribuitque
2365 648 2699 726 sepulcrum
2719 690 2737 721 ‚

908 770 984 807 ne
1008 748 1237 809 nudum
1260 751 1325 808 in
1352 749 1594 831 Libycis
1619 750 1896 809 iacuisset
1923 769 2138 829 corpus
2166 749 2385 807 arenis.

1214 1164 1681 1255 LIBER
1795 1146 2420 1256 SEXTUS.

905 1336 1151 1443 Interea
1178 1382 1385 1446 ductor
1406 1388 1652 1447 munitis
1680 1390 1917 1469 agmine
1942 1390 2130 1469 signis

905 1487 1029 1544 iam
1053 1498 1248 1547 tutum
1270 1490 1554 1567 carpebat
1578 1493 1726 1565 iter3
1779 1494 2072 1572 sociisque
2097 1486 2354 1549 reductiz

902 1592 1187 1647 successit
1213 1609 1429 1668 parvae
1456 1588 1724 1650 defessus
1746 1595 2057 1652 moenibus
2076 1592 2262 1650 urbis.

902 1687 1001 1745 hic
1027 1692 1235 1767 populi
1263 1692 1472 1747 satiata
1498 1692 1725 1765 fames3
1770 1705 1904 1772 post
1927 1695 2087 1751 bella
2115 1694 2371 1751 salutem

814 1791 856 1856 5
894 1788 994 1847 hic
1019 1791 1187 1848 licuit
1212 1800 1475 1868 spectare
1502 1794 1676 1865 viris3
1719 1792 1820 1852 hic
1847 1793 2022 1851 ardor
2046 1812 2338 1873 equorum

895 1892 1105 1969 pulsus
1129 1894 1299 1971 aquis
1318 1893 1628 1971 ¹tristisque
1652 1894 1842 1952 fames
1867 1915 1974 1972 per
1997 1894 2215 1971 pabula
2251 1893 2450 1951 cessit.

894 1992 1045 2050 fovit
1077 2012 1260 2073 equos
1293 1992 1440 2049 olim
1467 1994 1674 2051 sitiens
1704 2013 1814 2072 per
1839 1994 2083 2051 flumina
2112 1993 2286 2050 miles
2305 2034 2325 2066 ,

893 2096 1107 2172 optatis
1136 2097 1375 2171 gavisus
1405 2096 1604 2173 aquisr,
1656 2115 1943 2176 casusque
1970 2097 2194 2173 priores

895 2214 1365 2254 commemorans
1391 2193 1605 2273 gelidis
1633 2195 1895 2255 infundit
1920 2216 2160 2275 corpora
2187 2193 2474 2276 lymphis.

772 2302 852 2362 10
893 2300 1226 2377 percipiunt
1257 2297 1447 2375 epulis
1478 2317 1690 2375 parvas
1719 2309 1853 2376 post
1879 2308 2147 2378 tempora
2174 2296 2348 2373 vires,

886 2399 1324 2478 laetificumque
1356 2398 1567 2457 bibunt
1598 2411 1735 2478 post
1757 2401 1944 2459 tristia
1965 2400 2126 2457 bella
2152 2401 2445 2477 Lyaeum.

890 2521 1014 2559 nox
1046 2503 1220 2560 terris
1245 2521 1405 2559 nunc
1437 2511 1564 2558 acta
1597 2503 1747 2576 ruit,
1792 2501 2117 2582 mundique
2146 2501 2379 2559 labores

892 2602 1122 2662 distulit
1140 2647 1157 2676 ‚
1202 2603 1449 2662 obscuro
1477 2599 1844 2662 confundens
1877 2606 2075 2662 omnia
2105 2606 2293 2662 caelo.

890 2681 1045 2763 lianc
1074 2707 1344 2784 sequitur
1370 2703 1648 2762 madidus
1673 2706 1826 2762 curis
1854 2706 2064 2763 solatia
2087 2725 2333 2764 somnus

776 2804 850 2871 16
888 2804 1084 2864 dulcia
1114 2807 1373 2865 referens
1391 2851 1408 2881 ,
1451 2807 1765 2884 tacitisque
1791 2808 2164 2884 amplectitur
2188 2808 2323 2867 alis.

886 2909 1143 2965 solverat
1169 2907 1354 2965 effuso
1378 2909 1647 2964 nutantia
1675 2908 1903 2964 lumina
1932 2927 2115 2965 cornu

884 3008 1075 3065 noctis
1103 3009 1292 3065 amica
1320 3009 1511 3088 quies.
1595 3016 1737 3064 tunc
1764 3003 1942 3064 corda
1966 3008 2149 3065 oblita
2171 3008 2467 3067 malorum

887 3118 1062 3188 atque
1090 3111 1185 3167 sui
1211 3111 1443 3166 iacuere
1474 3110 1700 3183 vir-unu
1754 3110 2058 3189 nimioque
2083 3109 2288 3168 labore

887 3221 1080 3269 cetera
1111 3205 1358 3270 defessis
1384 3210 1714 3290 proflabant
1744 3228 1984 3289 corpora
2009 3213 2314 3270 membrIs.

755 3313 841 3374 20
964 3313 1107 3369 Dux
1133 3322 1335 3370 tamen
1362 3314 1696 3370 insomnem
1720 3313 1954 3371 turbato
1980 3323 2246 3393 tempore
2275 3325 2511 3372 noctem

883 3411 1204 3493 protrahit,
1249 3415 1587 3473 innumeras
1617 3416 1863 3474 volvens
1889 3414 1998 3473 sub
2020 3428 2258 3495 pectore
2287 3435 2479 3473 curas.

883 3535 1201 3574 concussus
1232 3518 1451 3594 pietate
1484 3525 1687 3595 pater,
1731 3530 1818 3577 tot
1851 3519 2059 3576 funera
2095 3516 2352 3592 deflens,

880 3620 1172 3697 ingemuit
1199 3619 1588 3700 lacrimasque
1618 3618 1803 3678 dedit.
1887 3622 2231 3678 Recinarius
2254 3621 2381 3677 illic

877 3721 1145 3778 solamen
1173 3718 1433 3779 ductoris
1464 3734 1587 3780 erat
1611 3725 1919 3801 sociusque
1944 3722 2237 3779 laborum.

754 3817 836 3885 25
877 3817 976 3877 hic
999 3823 1160 3879 mala
1189 3823 1365 3880 mista
1392 3823 1562 3882 bonis
1586 3835 1818 3902 partem
1846 3843 2194 3904 semperque
2219 3821 2475 3893 ferebat,

877 3940 999 3979 non
1024 3920 1240 3982 humili
1265 3945 1400 3983 cum
1428 3926 1604 4006 plebe
1635 3928 1866 3999 iacens,
1913 3926 2218 4003 gravitatis
2251 3923 2480 3978 amicus

879 4034 938 4081 et
959 4026 1174 4085 virtute
1207 4037 1452 4105 potens,
1495 4028 1758 4085 animam
1785 4029 1887 4107 qui
1913 4047 2132 4106 ponere
2157 4041 2469 4104 nunquam

708 4170 744 4226 5
778 4188 988 4242 sperare
1033 4174 1096 4227 Μ
1296 4179 1364 4229 10
1410 4191 1571 4244 paruo
1616 4181 1737 4249 post
1779 4182 2011 4245 tempore
2053 4174 2119 4227 Μ
2321 4172 2386 4228 12
2441 4189 2513 4226 aa
2559 4174 2682 4224 tune
2725 4173 2898 4227 aaut

702 4242 918 4379 llgnpooe
926 4242 1109 4367 31⁰¹&
1129 4243 1196 4298 Μ
1209 4244 1337 4300 aad.
1362 4251 1497 4299 tunc.
1701 4248 1771 4304 27
1803 4245 2112 4315 animamque
2131 4259 2327 4315 ponere
2352 4246 2416 4311 Τ,
2455 4239 2768 4312 animmque
2789 4259 2897 4296 ex-

809 4329 899 4364 ere
985 4349 1004 4368 .
