3210 5200
983 333 1296 400 IUSTINI
1346 333 1708 400 MlNoms
1761 335 1918 401 ΠΒ.
1967 336 2080 401 111.

607 496 865 572 nudare,
908 509 968 556 et
996 496 1266 556 nondum
1293 500 1470 578 plene
1498 502 1743 559 satiatus
1774 501 1967 572 abit-eg

608 621 788 679 quem
818 604 1035 657 Persae
1064 603 1313 657 timuere
1343 601 1484 673 feri,
1529 603 1900 681 genibusque
1926 604 2209 660 minantis

610 701 927 759 admovere
956 722 1187 775 manus,
1231 721 1440 781 pacem
1466 713 1525 759 et
1549 723 1819 760 meruere
1845 701 2164 781 precando.

607 806 671 858 ni
694 805 990 875 facerent,
1036 805 1250 861 frustra
1283 805 1456 860 celsis
1486 804 1815 882 Babylonia
1844 807 2030 862 muris

436 908 564 968 280
608 907 796 960 cincta
824 905 1008 979 foret,
1054 905 1326 963 dominos
1352 906 1577 962 Avares
1608 925 1766 962 nunc
1793 906 1947 963 ferre
1980 918 2205 985 parata.

609 1008 875 1085 rupimus
898 1003 1265 1083 Euphratem
1284 1050 1301 1079 ‚
1346 1003 1577 1084 gelidos
1608 1010 2021 1084 superavimus
2047 1027 2271 1080 amnes,

605 1105 879 1165 hibernos
912 1126 1114 1164 cursus
1140 1104 1377 1186 quando
1408 1108 1667 1164 refrenat
1696 1127 1983 1187 aquarum

607 1210 793 1286 frigus
824 1219 882 1266 et
908 1210 1248 1286 omnigenis
1273 1210 1338 1264 fit
1369 1207 1572 1266 durior
1600 1207 1762 1265 unda
1795 1210 2078 1267 metallis.

605 1310 863 1368 vidimus
892 1321 950 1367 et
975 1320 1160 1367 tectos
1194 1313 1382 1367 vitrea
1411 1308 1711 1367 testudine
1740 1321 1950 1387 pontes

436 1412 560 1478 385
603 1423 810 1490 stagna
840 1414 1003 1468 lacus
1034 1413 1364 1490 fluviosque
1395 1432 1576 1490 super
1601 1411 1912 1490 fontesque
1936 1413 2149 1469 iacere.

607 1516 669 1572 iu
707 1516 891 1572 silicis
921 1532 1149 1570 morem
1178 1514 1274 1570 vel
1305 1524 1521 1570 stratae
1550 1531 1846 1569 marmore
1874 1523 2066 1569 terrae

606 1626 886 1693 cognatos
917 1616 1123 1672 latices
1152 1616 1397 1671 laticum
1430 1635 1564 1672 cum
1598 1625 1790 1670 crusta
1817 1616 2075 1692 tegebat,

601 1720 862 1797 plaustra
892 1736 1070 1794 super
1095 1715 1317 1774 solidas
1341 1715 1649 1774 stridentia
1680 1714 1962 1775 duximus
1994 1717 2202 1775 undas.

599 1821 724 1877 illic
753 1820 1097 1877 volventum
1133 1820 1378 1895 vestigia
1407 1819 1573 1874 nulla
1604 1828 1868 1876 rotarum

433 1925 560 1987 290
603 1939 771 1978 aerea
799 1940 909 1977 nec
938 1922 1144 1979 solitos
1170 1922 1376 1979 labens
1408 1918 1574 1977 dedit
1600 1921 1789 1978 orbita
1817 1921 2034 1995 sulcos,

426 1996 445 2015 ¹
600 2044 712 2081 nec
744 2024 973 2099 fragilis
1002 2025 1195 2101 potuit
1220 2024 1483 2100 crystalli
1519 2024 1707 2080 forma
1739 2027 1936 2079 noceri

603 2125 934 2205 praesolido
961 2128 1287 2202 stringente
1316 2125 1490 2202 gelu3
1534 2125 1926 2204 fremitusque
1956 2143 2204 2182 sonorus

604 2226 990 2305 cornipedum
1020 2226 1282 2306 liquidos
1316 2245 1424 2282 ceu
1452 2228 1660 2282 terruit
1687 2228 1910 2303 ungula
1942 2247 2201 2302 campos,

599 2332 879 2387 insanum
909 2330 1156 2385 volvens
1184 2331 1516 2405 strepitum.
1604 2327 1962 2384 calcavimus
1991 2331 2244 2397 Imaum,

432 2432 559 2498 295
601 2436 817 2489 ivimus
851 2432 1157 2487 instinctus
1187 2431 1342 2485 sicco
1372 2426 1559 2505 pede:
1603 2428 1874 2505 praebuit
1901 2429 2131 2506 amplus

599 2537 706 2592 nix
731 2535 985 2611 spatiosa
1019 2533 1166 2588 vias.
1251 2529 1560 2609 praeduris
1594 2530 1870 2607 gentibus
1901 2550 2034 2586 acre

598 2639 907 2693 intulimus
938 2634 1182 2689 bellum.
1267 2654 1405 2712 pars
1437 2633 1621 2689 altera
1650 2643 1836 2688 castra
1867 2634 2120 2689 locavit:

600 2740 945 2795 miscuimus
974 2755 1239 2813 pugnas,
1282 2737 1543 2792 munitas
1574 2736 1841 2813 cepimus
1868 2733 2064 2805 urbes,

598 2837 882 2916 firmaque
915 2837 1198 2916 disruptis
1227 2836 1553 2896 deiecimus
1580 2833 1799 2915 oppida
1827 2838 2033 2892 muris.

433 2943 557 3004 300
599 2959 758 2996 nunc
784 2942 939 3018 ripas
965 2938 1230 3020 Scythici
1258 2944 1446 2997 victor
1471 2960 1577 2997 rex
1608 2940 1855 3016 contigit
1880 2939 2034 3010 Istri,

602 3040 904 3121 densaque
930 3063 1038 3121 per
1063 3044 1214 3100 latos
1242 3043 1431 3119 figens
1452 3044 1706 3099 tentoria
1739 3058 1978 3119 campos

601 3142 679 3201 ad
708 3154 812 3200 tna
843 3164 951 3203 nos
972 3188 987 3217 ,
1032 3148 1308 3222 princeps
1330 3189 1344 3216 ,
1388 3142 1537 3201 haec
1567 3142 1881 3222 splendida
1909 3141 2144 3198 moenia
2181 3138 2360 3193 misit.

603 3266 797 3303 annua
829 3248 1123 3325 praelargi
1159 3248 1342 3324 patris
1375 3247 1585 3303 solatia
1616 3245 1797 3302 vestri

599 3368 833 3406 sumere
861 3360 1097 3427 tempus
1122 3348 1323 3405 adest:
1365 3357 1565 3404 sancte
1593 3365 1747 3425 quae
1777 3345 2045 3423 praebuit
2074 3343 2199 3414 ille,

432 3445 555 3512 305
596 3470 701 3508 vos
733 3453 915 3508 etiam
936 3453 1219 3529 praebere
1246 3449 1439 3507 decet.
1521 3450 1574 3505 si
1608 3447 1847 3505 foedera
1873 3450 2035 3526 pacis

596 3553 944 3610 intemerata
972 3554 1079 3609 tibi
1102 3598 1118 3625 ‚
1163 3555 1213 3610 si
1237 3554 1430 3622 mavis
1459 3559 1630 3628 pacta
1657 3569 1919 3621 manere,

494 3645 508 3656 ³
599 3653 795 3712 debita
826 3659 1133 3734 quaerenti
1158 3645 1534 3713 transmittite
1563 3671 1808 3708 munera
1839 3642 2035 3727 regi.”

681 3759 859 3816 Talia
884 3761 1205 3815 iactantem
1232 3757 1398 3813 nulla
1429 3765 1759 3812 commotus
1789 3755 1849 3809 in
1876 3756 1964 3810 ira

600 3861 954 3939 tranquillus
978 3863 1256 3938 princeps
1288 3858 1474 3914 oculis
1504 3859 1743 3935 pietatis
1768 3857 1993 3913 serenis

433 3961 556 4022 310
599 3965 833 4036 aspexit
864 3966 1175 4036 iuvenem,
1220 3959 1573 4039 placidoque
1592 3957 1752 4015 haec
1779 3956 1965 4014 edidit
1995 3976 2118 4011 ore.

594 4054 925 4139 “quantum
956 4075 1047 4120 est
1078 4064 1291 4140 legatis
1322 4081 1599 4120 concessa
1628 4062 1866 4118 licentia
1899 4055 2084 4130 sandi,

606 4172 834 4219 tantum
858 4166 1088 4242 legatos
1115 4169 1315 4223 animo
1349 4163 1516 4221 decet
1546 4183 1674 4220 esse
1698 4159 1966 4219 modesto

609 4276 665 4323 et
692 4268 848 4325 vitae
876 4268 1165 4346 probitate
1193 4286 1435 4348 grave-53
1484 4267 1706 4345 quique
1733 4261 1938 4322 ordine
1966 4261 2194 4339 possint

2482 336 2621 406 195
