3210 5200
973 397 1293 467 IUSTINI
1328 404 1688 477 MlNoms
1727 413 1883 480 LIB.
1922 415 2042 484 lv.
2450 427 2600 502 207

572 556 706 633 plus
738 558 1063 636 exaltatus,
1107 567 1244 644 plus
1279 571 1627 634 iustificatus
1654 580 1717 635 in
1745 580 1897 659 ipso,

447 656 529 716 20
571 655 729 736 quod
754 680 818 716 se
844 659 1168 740 humilem,
1211 680 1374 730 stans
1399 685 1537 733 ante
1566 676 1776 754 deum,
1819 700 2142 763 veramque
2169 687 2406 772 fatetur,

573 774 757 835 quam
782 766 998 821 retinet
1024 770 1243 844 pietate
1261 816 1277 846 ,
1322 773 1524 834 fidem.
1615 800 1750 838 cum
1780 780 1977 860 diligit
2005 787 2156 863 ipse,

571 854 872 935 diligitur:
919 885 1056 924 cum
1086 867 1351 933 Christus
1378 890 1538 937 amat
1572 900 1682 938 rex
1708 901 1994 960 magnus»,
2039 899 2306 970 amatum

567 959 698 1037 ipse
730 967 881 1040 regit
906 986 1106 1046 reges»,
1150 975 1278 1051 ipse
1304 986 1362 1034 et
1393 997 1515 1037 non
1544 979 1819 1040 subditur
1852 984 1985 1044 ulli.

566 1062 825 1123 Iustinus
850 1070 1124 1149 princeps
1154 1071 1268 1133 hoc
1294 1090 1621 1156 protectore
1649 1087 1884 1164 quietus

394 1155 521 1222 325
562 1163 844 1242 imperat,
893 1167 1054 1229 hunc
1082 1176 1280 1253 ipsum
1309 1164 1504 1240 solum
1529 1204 1635 1262 spe
1667 1198 1858 1246 certus
1887 1184 2116 1251 adorat.

646 1267 722 1322 Ut
746 1270 880 1345 pius
915 1277 1169 1352 expletis
1192 1282 1553 1359 templorum
1576 1287 1786 1345 limina
1815 1292 1970 1347 votis

556 1364 763 1444 liquit,
806 1374 871 1428 iu
902 1376 1209 1452 ingentem
1237 1385 1545 1461 spectandi
1573 1390 1832 1446 consulis
1862 1407 2058 1448 arcem

558 1472 902 1533 conscendit
933 1477 1203 1554 gaudens
1224 1527 1241 1557 ,
1286 1495 1345 1541 et
1375 1496 1575 1565 septus
1607 1489 1833 1548 lumine
1867 1489 2043 1549 sedit.

555 1581 691 1629 ante
723 1573 911 1651 pedes
940 1577 1169 1639 domini
1187 1627 1203 1655 ,
1247 1584 1472 1645 faciunt
1500 1592 1602 1670 qui
1628 1593 1819 1665 iussa,
1874 1594 2116 1655 clientes

382 1667 509 1732 380
549 1669 866 1733 adstabant
892 1679 1069 1754 laeti;
1112 1685 1400 1766 vultuque
1434 1700 1493 1747 et
1527 1703 1691 1750 veste
1723 1695 1991 1753 nitebant

547 1775 806 1834 Romani
831 1783 1041 1858 populi
1066 1795 1265 1861 patres
1291 1792 1420 1846 sine
1450 1795 1678 1852 semine
1705 1794 1869 1854 facti.

547 1881 829 1955 patricius
858 1886 1023 1942 senio
1050 1885 1289 1964 fulgens
1317 1891 1613 1952 calinicus
1644 1893 1891 1972 honoro,

548 1983 651 2059 qui
680 1994 850 2061 pater
874 1986 1115 2064 imperii.
1137 1993 1353 2048 meruit
1377 1995 1499 2051 iam
1525 1996 1717 2056 factus
1743 1997 1951 2058 haberi

542 2085 764 2158 gratior
781 2129 796 2158 ‚
841 2088 1099 2165 Augusti
1124 2111 1365 2151 servans
1387 2098 1487 2172 pia
1513 2116 1661 2174 gaza
1684 2102 1924 2158 sacelli:

375 2179 498 2244 335
539 2203 800 2265 namque
825 2188 917 2244 illi
944 2193 1202 2251 moriens
1227 2214 1375 2253 mox
1402 2201 1761 2260 lastinianus
1791 2201 2048 2261 honores

543 2289 898 2364 contulerat,
945 2290 1220 2374 fidaeque
1247 2299 1409 2373 prius
1436 2313 1778 2359 narraverat
1804 2306 1934 2360 anri

541 2390 771 2448 consilii
797 2404 1025 2451 secreta
1058 2399 1174 2454 sui.
1253 2390 1515 2456 “vocor''
1550 2403 1783 2481 inquit,
1820 2396 2123 2483 “alumne‚

536 2502 599 2550 et
621 2504 896 2571 properat
922 2504 1200 2575 snpreina
1234 2495 1396 2575 dies,
1441 2503 1725 2582 iussuque
1762 2508 2013 2564 creantis

536 2615 572 2652 a
598 2597 795 2674 regnis
818 2599 881 2655 in
910 2619 1091 2677 regna
1124 2599 1332 2660 vehor.
1419 2599 1565 2663 deus
1598 2624 1773 2663 omne
1801 2609 2084 2665 Latinum

362 2691 492 2759 340
532 2698 754 2755 Iustino
783 2697 945 2758 dedit
970 2703 1322 2781 imperium:
1367 2714 1465 2781 tu,
1509 2703 1658 2781 fide,
1702 2719 2004 2766 memento

527 2798 840 2859 verborum
869 2823 1021 2883 quae
1050 2804 1274 2864 mando
1303 2806 1434 2865 tibi.
1525 2828 1664 2866 cnm
1696 2828 1871 2867 carne
1905 2812 2109 2870 relicta

526 2902 766 2979 spiritus
798 2905 1122 2966 ascendens
1150 2908 1371 2966 claram
1405 2914 1801 2988 penetraverit
1827 2931 2044 2989 arcem,

523 3002 588 3058 in
615 3000 814 3064 medio
841 3028 1154 3085 procerum
1183 3013 1396 3069 Iustini
1420 3011 1499 3069 ad
1525 3014 1736 3071 limina
1765 3030 1984 3092 perge:

519 3105 766 3164 invitato
798 3111 1029 3185 virtun,
1078 3113 1230 3170 nolit
1257 3114 1398 3171 licet
1427 3115 1533 3172 ille
1563 3115 1783 3173 subire.

352 3201 476 3269 345
518 3218 672 3265 sorte
697 3228 833 3266 mea
861 3214 1042 3270 tristis
1075 3225 1316 3272 renuet:
1374 3220 1699 3274 consentiet
1727 3219 1924 3276 istinc.

517 3328 594 3365 ne
623 3307 892 3369 dubitare
922 3316 1102 3388 velis,
1146 3317 1349 3375 nullus
1379 3328 1754 3375 contemnere
1784 3322 1971 3395 possit

519 3412 795 3471 terribilis
821 3428 1134 3495 praecepta
1165 3416 1285 3477 dei.
1373 3430 1686 3497 cognoscet
1714 3432 2020 3496 amantess

516 3531 665 3592 qnos
687 3513 835 3573 fidos
861 3515 1078 3577 habui:
1123 3518 1276 3578 mihi
1307 3524 1411 3600 qui
1439 3540 1694 3579 nocuere
1714 3565 1730 3596 ,
1773 3541 1987 3580 nocere

513 3617 630 3694 ipsi
653 3617 833 3674 etiam
855 3618 1012 3678 sacto
1043 3623 1227 3679 simili
1251 3632 1479 3680 tentare
1503 3623 1815 3701 parabunt,

341 3717 467 3782 850
509 3728 575 3775 ut
598 3731 843 3796 pereant
866 3723 1170 3804 iustasque
1200 3744 1307 3781 suo
1339 3722 1480 3781 dent
1505 3727 1794 3803 sanguine
1822 3745 2066 3803 poenas.

507 3818 613 3876 sed
642 3823 832 3899 pietas
860 3826 1129 3904 Augusta
1155 3827 1346 3884 malos
1380 3829 1628 3905 castigat
1652 3828 1927 3885 alumnos

509 3924 739 3979 consilii
768 3925 1034 3985 bonitate
1060 3932 1182 4005 sui,
1230 3927 1373 3987 dum
1398 3928 1648 4007 perdere
1675 3949 1795 3987 non
1822 3930 1950 3986 vult

508 4021 835 4081 subiectum
865 4030 980 4086 sibi
1005 4029 1291 4111 quicquid
1318 4033 1461 4088 erit:
1516 4033 1601 4089 sic
1625 4032 1799 4109 punit
1826 4032 2064 4110 iniquas

508 4142 851 4185 carneveras
874 4135 1104 4190 animas
1123 4176 1138 4206 ,
1182 4143 1249 4190 ut
1272 4135 1482 4192 mortis
1500 4151 1695 4212 poena

327 4221 457 4287 355
500 4242 622 4280 non
654 4241 924 4305 maneat,
968 4233 1320 4316 breviusque
1351 4236 1539 4293 luant.
1628 4234 1891 4292 cruciant

496 4328 885 4404 praeteritura
918 4337 1045 4413 pati
1076 4339 1218 4397 satis
1246 4348 1366 4397 est:
1415 4346 1654 4395 aeterna
1678 4337 2021 4395 tremiscant

423 4431 622 4490 Merob.
665 4444 715 4495 et
759 4438 880 4492 Cor.
2024 4438 2100 4499 18
