3210 5200
660 377 759 451 94
1594 379 1929 450 CORIP-PI

825 545 1162 627 comprimit
1192 546 1322 625 ipse
1351 565 1461 604 sua
1489 556 1550 605 et
1577 546 1747 605 letali
1778 545 2043 626 pondere
2070 561 2330 631 quassat.

826 651 1213 707 Manzorasen
1244 647 1516 707 medium
1543 649 1738 728 rigido
1766 670 2049 709 mucrone
2076 650 2418 712 tremendus

657 749 780 815 765
826 748 1072 825 dividit3
1116 754 1300 832 inque
1325 753 1482 811 latus
1508 757 1751 830 gemina
1780 752 2033 812 defluxit
2057 763 2375 834 utrumque

824 864 991 932 perte
1021 852 1260 911 cadens.
1345 856 1626 931 iugulum
1656 857 1893 933 rapiens
1928 853 2143 913 deiecit
2173 859 2335 914 Icirti

823 966 1232 1035 unmatnmque
1261 974 1542 1015 manum:
1586 958 1815 1015 ferrum
1843 966 2008 1016 tenet
2035 959 2140 1015 illa
2172 967 2520 1033 retractans,

822 1057 1077 1136 frigidus
1104 1058 1209 1115 ille
1241 1055 1419 1116 cadit.
1508 1070 1702 1116 terrae
1730 1071 1957 1118 tremor
1983 1062 2203 1138 ingerit
2229 1064 2406 1136 ictus,

824 1163 1133 1218 excutiens
1165 1159 1378 1219 ualidis
1403 1164 1718 1234 morientia
1746 1158 1991 1219 brachia
2017 1164 2241 1219 nervis.

651 1263 777 1325 770
900 1263 1149 1320 Mazana
1181 1267 1547 1342 prospiciens
1576 1265 1910 1322 ferventem
1935 1261 2115 1323 caede
2141 1262 2492 1341 Iohannem,

822 1363 1036 1423 obvius
1054 1409 1070 1439 ,
1115 1363 1376 1423 adducto
1402 1376 1641 1424 tentans
1667 1363 1883 1425 hastile
1912 1368 2151 1440 lucert0,

821 1467 1027 1542 irruit;
1069 1470 1252 1549 inque
1285 1471 1484 1526 virum
1508 1470 1758 1528 veniens
1789 1479 1858 1527 ut
1885 1470 2112 1526 missile
2140 1469 2329 1542 torsit,

820 1570 1003 1628 flectit
1032 1590 1256 1650 equum
1287 1569 1607 1630 domitans.
1692 1572 1865 1631 fortis
1896 1570 2005 1631 sed
2030 1572 2277 1629 vulnera
2307 1568 2518 1632 ductor
2603 1627 2610 1630 .

819 1673 988 1728 nulla
1023 1691 1249 1750 pavens
1266 1718 1282 1747 ,
1331 1675 1523 1752 clipeo
1553 1683 1895 1732 contentam
1927 1672 2128 1732 deviat
2159 1672 2398 1732 hastam

653 1769 777 1836 775
820 1775 1149 1850 suscipiens
1164 1819 1180 1849 ,
1225 1778 1546 1856 ipsumque
1570 1779 1723 1855 petit
1749 1796 1871 1835 non
1894 1778 2133 1833 territus
2161 1773 2418 1851 hostem,

820 1885 881 1932 et
907 1876 1045 1932 ferit
1072 1874 1427 1955 intrepidus.
1508 1876 1732 1938 virides
1766 1898 1936 1937 cruor
1962 1877 2151 1934 inficit
2177 1875 2396 1937 herbas

822 1979 1108 2037 exsiliens
1125 2022 1143 2053 ‚
1187 1989 1540 2060 tantumque
1562 1982 1720 2039 iacet
1739 2001 1850 2060 per
1869 1999 2007 2038 rura
2033 1978 2306 2063 cadaver.

902 2079 1147 2140 Viderat
1177 2083 1486 2160 ingentem
1516 2082 1813 2142 deiectum
1847 2084 2091 2141 vulnere
2120 2082 2368 2139 fratrem

824 2182 1117 2258 Gai-dius3
1162 2188 1536 2266 exitiumque
1564 2205 1781 2265 perans
1814 2183 2136 2243 defendere
2160 2185 2362 2244 fratris

646 2289 774 2350 780
817 2307 954 2344 ecce
984 2289 1178 2364 volet,
1222 2299 1413 2349 tectus
1441 2290 1634 2368 clipeo
1661 2289 1920 2367 telisque
1946 2288 2259 2366 superbus,

819 2388 1245 2472 ductoremque
1260 2421 1265 2440 ι
1273 2394 1447 2471 petit.
1531 2390 1840 2469 compellit
1868 2392 2101 2449 conscia
2131 2393 2323 2450 virtus

812 2497 1204 2575 germanique
1234 2492 1431 2554 dolor.
1513 2490 1671 2552 ludit
1699 2490 1846 2550 dum
1866 2494 2093 2571 poplite
2121 2494 2281 2551 flexo

813 2597 1166 2674 subsiliens,
1209 2599 1533 2657 tremulam
1556 2617 1667 2676 per
1693 2606 1886 2655 costas
1919 2597 2134 2676 accipit
2169 2593 2406 2654 hastam

809 2703 1073 2778 tegmine
1100 2711 1424 2776 transacto,
1469 2698 1804 2779 ceciditque
1828 2698 2053 2758 infixus
2079 2717 2318 2757 arenae.

642 2800 765 2867 785
810 2822 992 2881 quem
1019 2804 1214 2862 bonus
1241 2802 1459 2863 effatur
1484 2805 1714 2862 victum
1736 2804 1862 2860 iam
1886 2812 2080 2859 morte
2108 2798 2430 2861 Iohannes·

799 2896 956 2960 “hoo
989 2914 1142 2974 erat,
1185 2906 1402 2960 infelix
1420 2950 1438 2973 ,
1481 2902 1641 2978 quod
1671 2924 1790 2962 ηοι
1808 2906 2027 2961 virtuto
2054 2904 2320 2976 petebas,

807 2999 1089 3062 nescius?
1140 3020 1218 3057 en
1253 3002 1424 3058 fratri
1452 3002 1651 3078 potius
1682 3019 1882 3058 comes
1909 3001 1998 3057 ire
2025 2999 2325 3079 parabas?

813 3125 889 3164 en
916 3104 1178 3183 perfecta
1203 3113 1309 3161 tua
1341 3112 1462 3176 est,
1508 3110 1820 3159 consumta
1846 3112 2014 3181 parte
2030 3147 2048 3177 ,
2089 3104 2386 3179 voluntas,

815 3206 962 3265 dure
991 3206 1217 3282 magis3
1261 3201 1665 3283 praedemque
1690 3205 1873 3261 simul
1899 3216 2275 3286 mortemque
2305 3218 2544 3269 secutus

642 3313 768 3376 790
808 3309 1025 3366 finibus
1051 3326 1088 3364 a
1115 3306 1359 3384 Libycis
1386 3308 1609 3383 pariter
1637 3326 1776 3364 cum
1800 3307 1981 3366 fratre
2010 3307 2260 3368 recedis.
2275 3303 2311 3331 ”

892 3412 1172 3468 Protinus
1203 3405 1452 3467 adversa
1482 3408 1698 3467 Cullnn
1722 3412 1872 3488 petit
1898 3409 2116 3471 arduus
2142 3409 2337 3489 haste,

805 3515 1296 3594 persequiturque
1329 3508 1479 3570 dire.
1566 3531 1814 3599 campos
1846 3510 1948 3572 det
1976 3524 2146 3592 terga
2174 3534 2285 3593 per
2312 3532 2520 3574 omnes

806 3618 1051 3674 Maurus
1082 3635 1265 3695 eques
1280 3658 1297 3689 ,
1339 3633 1560 3693 magno
1586 3616 1827 3693 fugiens
1859 3622 2208 3675 conterritus
2236 3613 2434 3676 hoste.

806 3718 1059 3798 perfurit
1086 3720 1216 3796 ipse
1245 3735 1503 3797 sequens
1520 3760 1536 3791 ,
1577 3719 1779 3777 missis
1812 3717 2052 3796 configit
2078 3728 2137 3776 et
2164 3715 2355 3777 hastis

640 3821 763 3887 795
806 3832 976 3899 terge
1004 3822 1235 3895 virum3
1280 3821 1626 3900 multusque
1651 3818 1913 3879 infundit
1937 3823 2179 3898 sanguis
2206 3837 2438 3879 arenas.

806 3943 1052 4003 corpore
1087 3922 1273 3985 dense
1308 3921 1527 3982 cedunt
1556 3923 1750 3983 latum
1775 3922 2045 3980 revoluta
2072 3942 2182 4001 per
2208 3939 2450 4002 aequor.

806 4038 997 4088 terror
1024 4030 1421 4109 Languanten
1441 4026 1702 4104 impellit
1726 4026 1974 4084 Martius
1993 4022 2261 4084 hostem:

636 4211 741 4268 765
775 4211 988 4267 deflexit
1028 4214 1173 4285 apud
1206 4211 1273 4265 M
1467 4211 1573 4265 766
1602 4208 1749 4261 Icirti
1813 4209 2027 4263 inertem
2063 4211 2132 4264 M
2328 4209 2431 4267 788
2464 4210 2740 4258 consancta
2775 4205 2831 4258 Τ

636 4283 739 4336 789
774 4283 902 4335 dure
927 4284 990 4338 M
1186 4282 1291 4334 792
1321 4277 1433 4333 dire
1459 4280 1523 4342 T,
1558 4277 1697 4331 uiros
1780 4316 1794 4331 .
1860 4280 2047 4343 saltem
2067 4280 2231 4336 virum
2451 4276 2557 4333 794
2591 4275 2825 4344 confugit

638 4358 693 4403 et
712 4351 872 4405 hostis
900 4353 950 4405 Τ
1148 4350 1249 4407 797
1283 4355 1421 4403 terro
1444 4347 1708 4420 ilagusten
1734 4350 1794 4404 T.
