3210 5200
618 380 770 455 124
1432 442 1437 448 .
1542 386 1888 455 nomm’l
1964 392 1980 451 .’
2049 402 2056 411 ’

783 570 990 632 aspera
1015 596 1031 626 ,
1077 560 1137 610 et
1165 546 1403 610 assiduo
1441 546 1719 611 discurrit
1749 553 1960 612 lancea
1993 552 2236 615 nimbo:

616 654 742 720 635
784 657 1002 713 loricae
1032 655 1360 733 galeaeque
1386 663 1629 729 tonant,
1682 659 1872 734 gemit
1895 658 2110 715 ictibus
2135 660 2322 719 umbo

784 773 1029 828 aereus;
1074 765 1135 814 et
1158 758 1346 834 ruptis
1377 756 1535 813 inter
1558 755 1904 835 praecordia
1933 760 2105 818 venis

784 875 1145 937 purpuream
1168 855 1430 916 fundunt
1456 846 1745 917 animam.
1832 860 2048 918 virtute
2080 862 2370 941 superbus

785 963 995 1041 Ziper,
1040 961 1250 1019 acerba
1280 960 1513 1033 furens,
1556 960 1685 1017 ibat
1713 979 1824 1039 per
1845 962 1966 1019 tela
1984 1007 2003 1037 ‚
2048 983 2158 1041 per
2182 962 2414 1040 hostes,

783 1064 1017 1145 Syrtica
1049 1063 1296 1122 lefiferis
1322 1071 1702 1141 prosternens
1725 1064 1965 1139 agmina
1993 1066 2154 1124 telis.

616 1162 742 1230 640
785 1177 845 1224 et
870 1167 1159 1225 Sulumur
1183 1165 1403 1244 pariter
1418 1208 1437 1238 ‚
1475 1163 1599 1222 fato
1625 1160 1736 1221 sed
1760 1165 1955 1243 impar
1980 1175 2262 1247 uterque,

787 1278 1024 1346 pectora
1053 1268 1382 1326 multorum
1411 1276 1614 1325 contra
1639 1267 1939 1325 venientia
1971 1269 2168 1347 longis

785 1367 1188 1429 transfodiunt
1209 1370 1459 1442 oontisg·
1482 1366 1781 1447 trepidum
1806 1369 1973 1427 iecur
2000 1372 2206 1430 inserit
2238 1369 2410 1430 hasta

795 1492 1012 1553 corque
1035 1477 1264 1545 virum3
1307 1472 1534 1530 volucri
1555 1468 1817 1531 fundunt
1840 1491 1982 1550 cata
2010 1482 2277 1552 tempora
2304 1474 2485 1534 ferm.
2513 1504 2516 1511 ·
2607 1478 2612 1493 ‘

794 1572 997 1654 diripit
1024 1575 1126 1632 ille
1150 1583 1356 1652 capnt,
1399 1590 1690 1649 magnum
1712 1573 1911 1631 femur
1932 1585 2199 1654 amputat
2225 1577 2354 1636 ule.

624 1672 749 1741 645
789 1697 912 1734 non
933 1678 1107 1734 aliter
1125 1677 1396 1753 geminos
1421 1684 1791 1750 spectassent
1816 1695 1918 1733 ore
1945 1675 2172 1740 leones:

790 1780 856 1835 in
883 1776 1112 1835 medios
1140 1778 1368 1836 saevire
1399 1793 1633 1853 greges.
1718 1794 1880 1833 nunc
1909 1778 2209 1855 unguibus
2237 1788 2411 1837 atrox

793 1877 998 1957 diripit
1027 1877 1127 1936 hic
1154 1876 1476 1958 praedam3
1517 1896 1679 1934 nunc
1709 1874 1983 1937 dentibus
2010 1880 2115 1936 ille
2138 1882 2394 1938 cruentis

792 1981 1012 2059 frangit
1040 1982 1227 2041 molle
1248 1999 1430 2059 pecus
1448 2023 1465 2054 ,
1508 1977 1834 2060 tepidoque
1856 1982 1921 2037 in
1949 1983 2241 2060 sanguine
2269 1980 2511 2060 gaudet.

793 2094 855 2140 at
883 2093 1050 2162 parte
1079 2101 1160 2140 ex
1187 2082 1307 2139 alia
1329 2082 1642 2159 Bulmitzis
1674 2092 1733 2139 et
1760 2080 2025 2141 Ariarith
2054 2085 2265 2161 ingens

620 2185 748 2253 650
789 2188 1146 2267 Dorotisque
1173 2185 1350 2243 ferox
1376 2195 1554 2264 atque
1585 2186 1847 2262 armiger
1874 2185 2005 2263 ipse
2028 2184 2311 2245 Iohannis

789 2289 1001 2347 funera
1027 2307 1137 2367 per
1160 2288 1314 2346 latos
1348 2296 1548 2345 contra
1578 2288 1877 2344 venientia
1908 2306 2150 2366 campos

789 2392 1037 2448 vulnere
1066 2387 1396 2447 fundebant
1419 2390 1607 2447 vario.
1690 2408 1974 2447 mucrone
2004 2388 2295 2469 superbus

790 2494 897 2550 ille
922 2492 1098 2566 furit,
1146 2493 1271 2570 pilo
1298 2492 1516 2550 melior
1542 2493 1705 2550 valet
1729 2489 1948 2551 arduus
1973 2493 2100 2551 ille.

792 2593 895 2655 hic
919 2606 1154 2678 torquet
1177 2591 1402 2674 rigidas
1428 2613 1614 2654 nervo
1640 2592 1924 2654 stridente
1949 2596 2225 2674 sagittas,

622 2697 747 2765 655
790 2696 890 2755 hic
919 2699 1120 2757 fremit
1143 2710 1269 2757 arte
1298 2709 1513 2778 potens
1529 2741 1547 2772 ,
1592 2707 1653 2756 et
1678 2699 1817 2756 telis
1839 2704 2067 2777 pugnat
2087 2699 2379 2779 utrisque.

792 2801 923 2878 ipse
947 2803 1104 2859 inter
1128 2799 1359 2859 medios
1392 2799 1603 2858 ductor
1630 2820 1915 2859 mucrone
1946 2808 2212 2858 coruscat

793 2903 1085 2962 fulmineo
1101 2948 1116 2977 ,
1160 2902 1406 2961 hostiles
1437 2922 1644 2959 arcens
1670 2911 1891 2960 terrore
1919 2899 2272 2981 phalanges.

796 3006 1059 3062 carmina
1084 3025 1205 3062 non
1232 3005 1406 3062 aliter
1427 3005 1694 3062 referunt
1711 3024 1824 3084 per
1849 3005 2007 3061 bella
2029 3004 2313 3080 Gigantes

797 3117 1095 3165 armatum
1122 3108 1435 3163 tremuisse
1465 3087 1689 3179 Iovem,
1741 3125 1877 3163 cum
1906 3105 2178 3163 fulminis
2205 3106 2360 3162 ictus

630 3214 757 3277 660
795 3208 1067 3290 perderet
1091 3206 1404 3266 horribiles
1436 3209 1709 3286 flagranti
1735 3208 1979 3265 vulnere
2012 3207 2245 3265 fratres.

882 3313 1156 3371 vinceret
1180 3312 1286 3369 illa
1309 3330 1523 3369 manus
1540 3354 1557 3385 ‚
1598 3312 1666 3367 ni
1694 3319 1834 3368 tunc
1858 3310 2094 3367 fortuna
2122 3316 2401 3388 negasset

800 3433 1104 3474 successus
1129 3416 1279 3471 irata
1306 3433 1464 3472 suos.
1548 3414 1673 3470 iam
1695 3414 1904 3470 crescit
1933 3411 2156 3490 iniquis

797 3520 1180 3574 innumerosa
1203 3535 1417 3574 manus
1435 3534 1454 3573 ε
1495 3514 1770 3596 peditum
1797 3534 2015 3573 venere
2045 3525 2315 3571 catervae

795 3617 1246 3677 Marmaridum.
1332 3615 1586 3676 densum
1609 3618 1993 3675 circumvolat
2018 3613 2287 3696 undique
2318 3611 2546 3670 ferrum

627 3721 751 3788 665
794 3723 1010 3800 stipitis
1041 3732 1100 3781 et
1131 3719 1365 3800 gravidi
1396 3721 1603 3796 robur,
1641 3717 1997 3799 lapidesque
2022 3718 2288 3773 minaces

794 3825 1069 3883 fulminis
1092 3827 1278 3882 instar
1302 3833 1488 3881 erant.
1559 3824 1707 3881 latet
1734 3833 1907 3879 atrox
1930 3818 2178 3897 pulvere
2203 3831 2446 3893 campus
2460 3829 2482 3869 τ

794 3928 903 3986 vix
931 3946 1037 3985 sua
1065 3928 1183 3986 tela
1208 3936 1404 4005 potest
1422 3944 1661 4005 pressus
1684 3925 1809 3984 iam
1834 3941 2074 3983 cernere
2102 3918 2300 3976 miles.

630 4145 733 4200 636
765 4160 914 4197 arcus
943 4144 994 4198 Τ
1190 4142 1294 4197 638
1327 4140 1461 4211 liper
1490 4141 1543 4192 Τ
1738 4137 1843 4194 642
1871 4142 2058 4190 tratum
2084 4135 2164 4189 ecl
2185 4132 2362 4188 uicum
2388 4131 2437 4185 Τ

630 4215 761 4267 dium
792 4216 848 4266 M
1049 4212 1149 4266 645
1183 4229 1276 4263 ora
1299 4211 1443 4281 apud
1479 4209 1540 4261 M
1740 4210 1843 4261 646
1877 4217 1999 4259 tunc
2020 4205 2164 4274 apud
2186 4205 2249 4258 M
2448 4199 2550 4255 647
2583 4200 2669 4252 nue
2689 4215 2815 4269 pre-

627 4283 739 4335 dam
766 4283 837 4348 T,
869 4282 954 4334 ille
976 4297 1183 4350 gregem
1205 4281 1267 4335 M
1451 4279 1554 4332 649
1586 4276 1810 4331 bulmitia
1831 4284 1886 4330 ot
1908 4276 2103 4330 ariarth
2127 4275 2179 4330 Τ
2364 4270 2469 4328 650
2500 4286 2567 4324 ιο
2583 4269 2730 4340 apud
2749 4267 2821 4322 Μ

626 4352 732 4404 662
763 4361 878 4404 tuos
901 4352 1042 4421 apud
1066 4351 1129 4404 M
1327 4347 1429 4403 665
1463 4347 1650 4418 pedum
1680 4347 1745 4401 T.
