3210 5200
644 352 788 432 104
1288 419 1301 430 .
1460 423 1465 428 .
1572 357 1911 428 comem

848 536 1029 608 atque
1059 533 1256 602 truces
1281 533 1549 596 currunt„
1632 525 1859 585 feriunt
1888 521 2229 585 discrimine
2252 524 2446 590 nullo.

851 649 975 688 non
1004 638 1167 689 aetas
1192 630 1458 704 animos,
1500 648 1685 689 sexus
1707 649 1831 689 nou
1853 631 2092 707 mitigat
2114 630 2351 689 insons:

847 733 1050 790 omnia
1078 732 1395 809 prosternit
1420 733 1727 791 Romanus
1753 751 1998 812 corpora
2025 731 2224 790 miles.

848 833 914 892 fit
942 853 1121 892 sonus
1152 843 1456 892 armorum
1471 851 1491 892 ε
1532 835 1739 894 fractis
1770 846 2054 894 montana
2083 834 2375 892 resultant

640 933 806 1006 1115
850 936 1235 1013 tegminibus.
1318 938 1579 1015 gemitus
1608 939 1794 1016 raptis
1819 937 1966 996 dant
1993 947 2233 1016 pectora
2257 934 2563 1009 membris,

845 1038 1145 1117 mistaque
1176 1058 1286 1116 per
1314 1039 1468 1098 latos
1496 1037 1825 1099 densantur
1850 1041 2062 1100 funera
2083 1058 2348 1117 campos,

847 1140 1135 1219 qualiter,
1178 1143 1459 1222 antiquae
1484 1150 1814 1202 sternentes
1842 1142 2053 1202 robora
2081 1141 2289 1215 silvae,

843 1243 1147 1301 innumeri
1170 1245 1466 1323 agricolae
1491 1245 1727 1305 steriles
1753 1242 2057 1306 succidere
2087 1244 2323 1323 plantas

846 1347 1120 1404 certatim
1146 1347 1451 1406 insistunt.
1534 1356 1627 1407 tot
1652 1368 1763 1428 per
1785 1367 1999 1414 nemus
2026 1366 2203 1406 omne
2226 1346 2522 1423 bipennes

640 1446 806 1511 1120
845 1450 1265 1526 congeminant
1295 1447 1528 1508 validos
1556 1451 1725 1510 silvis
1755 1450 2198 1530 regementibus
2222 1450 2400 1507 ictus.

848 1551 935 1608 sic
963 1551 1091 1608 fera
1118 1548 1341 1630 dimpit
1365 1553 1667 1611 Maurusia
1693 1563 1883 1613 castra
1908 1551 2205 1614 Iohannes

846 1670 987 1708 cum
1010 1653 1221 1710 sociis..
1296 1655 1525 1711 cunctis
1551 1652 1812 1712 stridunt
1838 1652 1915 1712 de
1940 1656 2210 1734 partibus
2243 1670 2418 1712 enses

845 1763 1026 1834 atque
1055 1772 1260 1810 cruore
1290 1753 1524 1811 rubent.
1610 1756 1844 1812 animas
1873 1756 1940 1813 in
1966 1756 2213 1813 vulnere
2242 1752 2502 1812 reddunt

844 1874 985 1912 cum
1016 1856 1282 1933 gemitu,
1320 1857 1607 1935 mistique
1633 1865 1815 1913 ruunt
1843 1874 1952 1934 per
1976 1865 2146 1934 prata
2176 1853 2457 1914 cadentes

634 1956 799 2022 1125
838 1976 998 2014 nunc
1024 1956 1266 2015 senibus
1294 1958 1542 2015 iuvenes
1560 2000 1578 2031 ,
1622 1975 1785 2015 nunc
1815 1975 2056 2036 pressae
2087 1953 2352 2036 pondere
2377 1964 2600 2015 matres

840 2056 1028 2118 ardua
1058 2078 1198 2116 cum
1222 2059 1379 2118 natis
1404 2060 1562 2117 inter
1584 2061 1863 2137 pecuaria
1887 2061 2111 2138 parvis„

838 2163 1184 2220 innumeros
1215 2158 1474 2220 fundunt
1503 2159 1726 2241 gladiis
1756 2162 2123 2220 ferventibus
2147 2156 2392 2234 hostes3

839 2264 1052 2324 sternit
1082 2273 1143 2321 et
1170 2265 1516 2324 imnumeras
1546 2266 1911 2322 morientmn
1942 2264 2111 2341 lapsa
2142 2263 2337 2320 ruina.

837 2364 1100 2441 crinibus
1132 2363 1425 2424 adductae
1450 2368 1722 2445 pavitant
1752 2366 1879 2425 fera
1906 2366 2156 2424 vulnera
2183 2366 2451 2438 Maurae,

625 2469 789 2533 1130
837 2465 986 2528 dum
1011 2465 1197 2527 trahit
1224 2465 1419 2528 hostis
1450 2487 1660 2528 ovans.
1745 2468 2008 2527 infantes
2031 2467 2136 2525 ille
2164 2475 2427 2544 reportat

835 2566 1100 2650 direptos
1132 2590 1214 2630 ex
1241 2567 1415 2631 hoste
1440 2572 1652 2631 volans
1665 2615 1685 2647 ,
1735 2568 2102 2651 mandatque
2132 2569 2444 2646 ministris,

833 2682 895 2730 et
920 2670 1075 2731 redit
1098 2671 1179 2732 ad
1200 2670 1435 2732 medias
1466 2673 1824 2733 conculcans
1849 2674 2061 2732 funera
2088 2674 2304 2732 fossas.

829 2774 937 2832 ille
965 2774 1332 2834 camelorum
1358 2773 1583 2854 gaudet
1611 2774 1953 2854 dirumpere
1980 2776 2198 2850 vincla,

832 2874 1038 2957 diripit
1066 2877 1174 2934 ille
1202 2877 1387 2936 boves
1404 2921 1421 2951 ,
1464 2878 1678 2936 ovibus
1705 2876 1862 2935 redit
1886 2878 1992 2935 ille
2018 2874 2302 2953 reductis,

627 2979 789 3047 1185
830 2977 932 3038 hic
959 2979 1162 3058 pulsat
1192 2975 1397 3036 tardos
1430 2996 1716 3037 conversa
1744 2975 1989 3056 cuspide
2018 2978 2259 3036 asellosa

831 3083 1035 3141 omnia
1060 3081 1185 3137 iam
1214 3089 1469 3159 pereunt
1497 3081 1844 3139 Maurorum
1869 3091 2040 3138 tarua
2064 3098 2401 3160 nusquam:

830 3183 995 3243 solus
1023 3200 1207 3261 eques
1231 3182 1415 3239 currit
1437 3182 1564 3239 iam
1591 3182 1820 3260 campis
1842 3180 2043 3241 nudus
2060 3183 2304 3261 apertis.

910 3281 1142 3361 Effugit
1172 3282 1280 3340 ille
1315 3281 1479 3340 ferus
1512 3282 1811 3342 confracto
1839 3284 2049 3343 robore
2079 3289 2274 3360 lerna,

828 3396 893 3448 et
924 3384 1252 3446 simulacra
1269 3386 1365 3442 sui
1393 3403 1599 3443 secmn
1627 3386 1767 3443 tulit
1796 3382 2039 3446 horrida
2068 3389 2295 3447 Gurzil.

622 3489 783 3555 1140
823 3486 1005 3548 huius
1037 3497 1097 3545 et
1123 3487 1354 3545 auxilio
1390 3507 1639 3565 sperans
1667 3508 1731 3547 se
1757 3509 1936 3567 posse
1964 3472 2138 3565 tueri,

824 3586 1210 3668 cornipedem
1232 3589 1452 3648 infelix
1477 3593 1782 3668 geminato
1809 3591 2073 3671 pondere
2099 3591 2316 3671 pressit

819 3690 1155 3772 impediens
1174 3736 1191 3767 ‚
1235 3704 1612 3775 mortemque
1640 3694 1758 3752 sibi
1782 3696 1969 3752 miser
1991 3696 2123 3772 ipse
2149 3693 2418 3752 resumit.

821 3797 1094 3876 quisquis
1122 3797 1177 3854 is
1208 3805 1300 3854 est
1330 3814 1541 3876 quem,
1583 3814 1769 3869 vane,
1814 3796 1995 3868 colis,
2041 3793 2204 3875 quod
2228 3794 2505 3872 gentibus
2529 3794 2636 3852 ille

817 3896 1184 3977 praesidium
1202 3940 1217 3971 ,
1264 3915 1418 3976 quae
1450 3894 1633 3976 digna
1658 3898 1770 3955 tibi
1797 3897 2008 3955 solatia
2037 3905 2299 3975 praestat
2313 3892 2344 3953 ’ἔ

612 3999 774 4068 1145
820 4000 967 4058 dum
998 4011 1065 4058 tu
1095 4007 1286 4059 morte
1314 3996 1512 4074 cadis,
1561 3996 1708 4057 dum
1737 4000 2031 4078 frangitur
2058 3998 2162 4055 me
2189 4016 2298 4076 per
2322 3994 2548 4076 hostes,

616 4186 751 4242 1114
783 4184 981 4237 munitus
1006 4183 1058 4235 Τ
1214 4194 1219 4197 ’
1258 4183 1397 4236 1117
1430 4186 1626 4249 satque
1649 4181 1701 4233 Τ
1907 4182 2040 4238 1119
2073 4198 2146 4234 aa
2168 4182 2341 4234 tnnc?
2529 4185 2662 4238 1128
2697 4203 2811 4249 nto-¹

608 4255 844 4309 rien-tium
864 4253 1010 4322 apud
1033 4251 1094 4303 M
1229 4252 1363 4305 1136
1391 4250 1546 4312 tarda,
1562 4249 1751 4304 moueri
1776 4251 1836 4302 Μ
1974 4252 2108 4306 1137
2129 4268 2292 4320 equus
2313 4252 2375 4307 M
2511 4254 2647 4310 1143
2667 4255 2810 4323 qui.-

609 4325 724 4394 qnis
746 4335 827 4377 est
851 4324 927 4392 Τ,
960 4319 1103 4393 quis,
1136 4319 1367 4392 quisnam
1388 4328 1467 4375 est
1487 4322 1547 4377 Μ
1753 4321 1888 4378 1145
1923 4321 2015 4392 tu]
2049 4338 2153 4394 quc
2179 4324 2242 4379 '1'-
