3210 5200
972 405 1088 471 DE
1136 403 1543 475 LAUDIBUS
1593 405 1923 476 IUSTINI.
2386 406 2533 482 409

533 568 633 635 42.
719 566 979 629 Isidorus
1016 572 1058 633 7
1107 572 1221 634 12:
1278 572 1551 643 Levitae,
1603 574 1799 654 inquit
1816 618 1833 648 ,
1893 592 1963 630 ex
2004 575 2238 631 nomine
2276 579 2535 636 auctoris

370 656 564 712 vocati
578 677 596 712 .·
642 654 717 712 de
742 655 899 714 Levi
923 656 1078 712 enim
1102 656 1349 714 Levitae
1373 660 1554 713 exorti
1572 670 1738 728 sunt,
1779 680 1820 715 α
1855 657 2070 736 quibus
2106 660 2170 715 in
2199 661 2409 735 templo
2438 662 2536 718 dei

368 741 601 816 mystici
649 741 1009 797 sacramenti
1054 744 1327 817 mysteria
1375 740 1776 819 explebantur.
1867 741 1932 799 hi
1987 744 2208 800 Graece
2268 745 2532 816 diaconi,

368 826 581 881 Latine
624 826 885 882 ministri
934 822 1205 882 dicuntur
1222 870 1238 899 ,
1295 828 1430 905 quia
1447 871 1462 899 ,
1520 829 1671 884 sicut
1708 829 1770 884 in
1812 827 2107 883 sacerdote
2152 832 2531 899 consecratio,

366 910 451 965 ita
481 910 545 964 in
573 908 821 967 diaoeno
848 910 1154 966 ministerii
1175 910 1529 987 dispensatio
1551 909 1822 968 habetur.
1906 914 2091 969 Rrrw.

536 990 639 1056 43.
726 996 1026 1073 virgineus
1064 1004 1227 1051 tonat
1263 996 1400 1052 inde
1427 995 1668 1073 chorus]
1712 999 1833 1056 τῶν
1865 998 2164 1076 γυναικῶν
2192 1000 2299 1072 τῆς
2325 997 2533 1074 κλίνης

367 1073 739 1155 ἦφουμένων
780 1078 878 1140 καὶ
919 1083 1274 1156 ψαλλουσαῖν
1317 1082 1674 1137 lastinianus
1720 1098 1986 1159 quoque,
2031 1083 2195 1137 cuius
2232 1077 2331 1137 hic
2357 1101 2537 1139 exse-

371 1163 546 1240 quiae
585 1159 904 1235 ducuntur,
946 1166 1218 1220 meminit
1246 1167 1396 1222 Nov.
1425 1167 1549 1227 59..
1614 1162 1720 1222 sed
1760 1184 1862 1221 cur
1901 1164 2148 1242 hymnos
2180 1174 2236 1220 et
2263 1164 2535 1241 psalmo-

369 1246 503 1302 dias
534 1245 838 1306 funeribus
871 1245 1215 1321 Christiani,
1262 1259 1328 1305 ut
1354 1246 1650 1328 hodieque
1680 1250 1960 1322 facimus,
2006 1247 2392 1306 acciuebant'l
2434 1252 2535 1306 ni·-

368 1332 586 1386 mirum
623 1342 689 1388 ut
729 1334 942 1408 gratias
975 1329 1086 1391 deo
1117 1344 1386 1410 agerent,
1431 1332 1590 1412 quod
1621 1354 1758 1390 eum
1787 1336 1890 1412 qui
1919 1354 1951 1390 e
1981 1336 2100 1390 vita
2132 1335 2383 1390 excessit
2413 1335 2534 1391 iam

368 1433 403 1470 a
449 1415 751 1473 laboribus
786 1417 1077 1489 liberarit,
1125 1416 1286 1496 quod
1326 1429 1492 1476 metu
1518 1420 1726 1475 mortis
1756 1428 2062 1475 exemtum
2089 1437 2289 1474 secum
2316 1415 2532 1476 habeat

366 1500 745 1557 immarcibili
776 1511 1086 1558 ornaturus
1116 1521 1349 1559 corona.
1437 1500 1636 1559 docuit
1663 1522 1772 1559 nos
1802 1500 1915 1559 hoc
1944 1521 2207 1580 quoque,
2253 1512 2320 1558 ut
2346 1504 2533 1560 multa

370 1584 517 1656 alia,
560 1583 622 1640 S.
661 1583 1058 1663 chrysostom.
1094 1583 1302 1643 homil.
1331 1586 1368 1650 4
1401 1585 1478 1643 ad
1507 1587 1690 1643 Hebr.
1774 1607 1885 1643 nec
1927 1585 2154 1643 dubitat
2193 1596 2427 1644 sanctus
2473 1597 2531 1643 et

372 1671 752 1745 gravissimus
780 1681 974 1727 orator
1003 1670 1294 1728 affirmare
1331 1669 1510 1728 deum
1544 1674 1743 1748 ipsum
1765 1668 2102 1729 istiusmodi
2134 1673 2303 1749 quasi
2330 1673 2532 1728 muni-

372 1763 573 1808 menta
610 1751 1001 1811 humanorum
1050 1757 1383 1813 animorum
1421 1759 1788 1813 exstruxisse
1835 1752 1988 1834 (hoc
2017 1757 2176 1811 enim
2204 1765 2292 1812 est
2315 1754 2532 1816 ἐπιτει-

372 1838 564 1915 χίσαι,
609 1857 724 1917 quo
759 1839 935 1895 verbo
964 1836 1413 1916 Chrysostomus
1447 1839 1667 1914 utitur)
1712 1837 1787 1895 ad
1822 1857 2160 1917 perversam
2187 1839 2355 1895 illam
2389 1858 2534 1896 con-

373 1920 747 1979 suetudinem
779 1921 1100 2001 plangendi
1137 1934 1195 1980 et
1230 1935 1492 1981 mortuos
1536 1923 1931 1980 insolabiliter
1971 1920 2218 1999 lugendi
2263 1934 2535 1980 everten-

374 2005 533 2063 dam.
619 2009 784 2085 plura
814 2005 948 2064 vide
979 2007 1136 2087 apud
1166 2007 1546 2066 Kirchmann.
1578 2006 1652 2065 de
1680 2008 1806 2064 fun.
1842 2009 2012 2064 Rom.
2039 2011 2078 2069 2
2122 2010 2180 2069 6.
2263 2009 2449 2065 Βιττ.

538 2088 639 2152 44.
725 2094 845 2149 ritu
883 2094 1068 2171 nivis]
1119 2113 1186 2150 eo
1224 2097 1508 2171 pertinet,
1556 2090 1716 2171 quod
1749 2095 1946 2150 omnia
1988 2092 2221 2167 copiose
2250 2093 2535 2167 ingruen-

370 2176 452 2232 tia
487 2178 641 2235 nivis
678 2177 1070 2254 appellatione
1117 2188 1391 2235 censeant
1436 2188 1721 2234 auctores.
1809 2176 2063 2234 Severus
2100 2173 2535 2233 Enteleichius:

372 2280 555 2337 quam
583 2262 1045 2336 densisfluitant
1068 2260 1374 2317 velleribus
1396 2264 1584 2330 nives,
1617 2271 1742 2317 tam
1767 2258 2002 2316 crebrae
2020 2259 2322 2335 pecudum
2347 2279 2534 2316 neces.

371 2346 620 2402 BAn’rn.
709 2347 793 2402 sio
818 2343 975 2400 infra
1008 2343 1046 2404 4
1097 2348 1205 2405 12:
1250 2365 1407 2402 more
1435 2347 1612 2401 nivis.
1661 2348 1951 2402 Homerus
1985 2338 2129 2421 χιῶν
2159 2338 2260 2415 ὥς.
2303 2345 2489 2402 Βιττ.

547 2427 648 2490 45.
734 2425 810 2484 ad
830 2446 1058 2483 morem
1083 2437 1350 2485 veterum
1379 2431 1617 2507 respicit
1638 2430 1911 2486 lacrimas
1941 2428 2202 2501 vestibus
2231 2430 2538 2505 excipien-

376 2512 558 2586 tium,
604 2521 669 2568 ut
698 2513 908 2589 ingens
945 2512 1163 2569 ssumen
1195 2533 1396 2570 earum
1425 2512 1741 2571 videretur.
1825 2513 2097 2570 meminit
2126 2531 2300 2590 supra
2331 2513 2540 2588 Corip-

373 2616 521 2674 pus,
571 2608 629 2653 et
666 2608 801 2655 sunt
844 2596 1123 2675 exempla
1161 2599 1224 2654 in
1255 2596 1463 2658 Ovidio
1495 2609 1551 2656 et
1577 2599 1904 2676 Propertio.
1943 2598 2188 2655 Bia-m.
2262 2598 2542 2675 proprio-

378 2701 492 2759 que
521 2682 812 2759 insonte]
860 2681 1383 2758 elegantissimum.
1469 2694 1535 2740 ut
1571 2684 1874 2740 Cornelius
1909 2683 2191 2754 Severus,
2235 2684 2359 2739 sive
2390 2682 2540 2740 alius

378 2768 512 2844 quis
539 2768 765 2823 Aetnae
793 2775 1024 2823 auctor:
1068 2768 1191 2843 ipse
1220 2787 1325 2824 suo
1335 2768 1559 2843 flueret
1583 2767 1867 2824 Bacchus
1881 2766 2056 2843 pede.
2144 2768 2390 2827 EAM-11.

546 2850 647 2912 46.
733 2850 1063 2927 madentes]
1106 2861 1275 2929 turpe
1318 2849 1634 2924 mendum,
1685 2849 1846 2930 quod
1889 2851 2028 2908 licet
2068 2861 2266 2908 contra
2303 2869 2541 2907 versum

378 2953 499 2990 non
528 2944 714 3008 esset,
761 2954 898 2991 cum
924 2953 1121 2992 rerum
1150 2947 1350 2993 tamen
1375 2946 1584 2994 natura
1609 2938 1737 3014 ipsa
1761 2945 2080 3014 pugnaret:
2123 2937 2176 2992 si
2204 2936 2362 2992 enim
2386 2931 2541 2992 nihil

378 3016 544 3075 aliud
577 3038 757 3098 quam
782 3016 1149 3077 maduissent
1174 3021 1349 3095 oculi,
1393 3020 1759 3098 impossibile
1782 3020 1991 3077 suisset
2022 3021 2166 3076 alias
2191 3039 2282 3077 res
2309 3030 2374 3077 ut
2395 3038 2540 3096 pos-

378 3113 511 3160 sent
547 3106 758 3181 rigare.
847 3102 956 3162 sed
990 3114 1157 3161 extra
1192 3108 1647 3165 controversiam
1688 3115 1777 3164 est
1815 3102 2190 3163 scribendum
2218 3113 2535 3159 manentes.

378 3207 490 3245 nec
537 3187 1079 3247 animadverterunt
1122 3200 1324 3247 tamen
1365 3188 1653 3247 mendum
1688 3200 1814 3247 tam
1847 3207 2141 3260 crassum,
2186 3189 2287 3265 qui
2319 3205 2456 3243 eum
2484 3196 2543 3243 et

376 3273 529 3329 alios
563 3280 767 3349 poetas
805 3275 1239 3331 commentariis
1272 3292 1559 3331 exornare
1593 3275 1924 3330 voluerunt.
1967 3274 2213 3329 BAnrn.
2298 3270 2545 3348 legeba-

380 3364 479 3412 tur
521 3374 830 3435 perperam
869 3357 1188 3415 madentes.
1279 3354 1387 3415 sed
1426 3376 1602 3415 nemo
1648 3375 1768 3414 non
1805 3355 1969 3414 videt
1996 3366 2222 3413 rectum
2253 3375 2379 3415 esse
2412 3376 2548 3412 ma-

383 3449 618 3511 nante&
670 3440 829 3520 quod
862 3439 1296 3500 Kirchmannus
1337 3458 1572 3519 quoque
1601 3442 1867 3517 agnoscit
1896 3445 1936 3502 2
1982 3442 2057 3502 11
2081 3484 2097 3514 ,
2141 3440 2243 3497 ubi
2263 3436 2424 3496 hunc
2450 3440 2547 3496 lo-

383 3542 521 3579 cum
555 3525 792 3603 allegat.
875 3526 1061 3584 Rrr'r.

552 3606 652 3670 47.
739 3620 954 3667 matres
989 3609 1248 3667 feminae
1291 3609 1497 3666 aetatis
1528 3605 1942 3686 provectioris,
2000 3605 2202 3685 quales
2241 3615 2550 3683 praeerant

380 3692 509 3750 fere
543 3693 894 3772 planctibus.
980 3692 1334 3752 Prudentius
1359 3691 1584 3773 hymno
1619 3692 1949 3770 exsequiali
1976 3690 2154 3766 louge
2191 3690 2298 3746 illo
2328 3687 2551 3748 dulcis-

382 3780 571 3836 simo:
616 3780 741 3835 1'czm
773 3790 997 3835 maesta
1034 3781 1262 3857 quiesce
1300 3778 1565 3857 querela,
1608 3775 1891 3833 lacrimas
1932 3772 2288 3850 suspendite⁴
2309 3784 2546 3831 matres.

381 3864 565 3918 crines
591 3867 772 3922 etiam
800 3864 1014 3922 solutio
1048 3865 1241 3921 luctus
1266 3862 1571 3921 iudicium.
1662 3868 2088 3918 commentator
2128 3860 2462 3916 Germanici
2487 3861 2551 3915 in

385 3947 729 4025 Cassiopea,
790 3949 951 4005 unde
991 3959 1047 4003 et
1086 3947 1260 4003 illam
1291 3947 1595 4006 dissolutis
1626 3945 1888 4003 crinibus
1921 3955 2172 4021 propter
2201 3944 2428 4001 luctum
2468 3943 2554 3997 ire

383 4043 676 4087 asserunt.
737 4033 922 4090 Cebes
948 4034 1012 4089 in
1041 4032 1274 4089 tabula:
1317 4031 1362 4112 ἦ
1387 4027 1495 4106 τοὶς
1522 4032 1724 4112 τρίχας
1753 4032 2025 4092 τίλλουσα
2053 4028 2267 4108 ἑαυτῆς
2293 4032 2554 4089 καλεῖται

382 4106 593 4190 ὀδύνη.
675 4116 919 4174 Bia-m.

552 4200 654 4259 49.
741 4199 814 4256 ob
844 4202 1121 4258 iniuriam
1148 4201 1323 4258 facile
1348 4197 1721 4260 biset-endam
1767 4218 1803 4255 a
1849 4198 2021 4255 turba
2053 4197 2117 4253 in
2149 4196 2381 4272 magnis
2415 4191 2553 4270 qui-

385 4281 616 4359 busque
639 4285 876 4361 pompis
903 4286 1197 4344 femineus
1219 4305 1401 4344 sexus
1427 4295 1756 4364 spectatum
1786 4281 2186 4341 destinabatur
2220 4282 2285 4337 in
2313 4279 2550 4335 altiores

386 4363 628 4423 aedium
652 4377 869 4446 partes.
953 4372 1238 4431 Martialis
1276 4374 1352 4436 10
1396 4373 1470 4434 6:
1537 4381 1593 4426 et
1633 4369 1822 4427 omnis
1855 4365 2120 4446 florebat
2160 4363 2346 4422 [aaa
2391 4360 2554 4418 culta
