3210 5200
950 393 1045 462 IN
1084 394 1611 462 IOHANNIDOS
1658 393 1695 462 1
1741 393 2044 463 NOTAE.
2433 396 2579 468 223

399 558 686 638 superiori
707 556 916 616 'versu-
957 556 1237 636 peditum
1269 578 1421 636 pare
1459 554 1622 616 lenta
1656 570 1941 617 movetur.
2034 579 2214 642 quare
2243 557 2472 622 correxi
2497 581 2578 620 ex

397 647 559 723 Virg.
584 645 748 702 Aen.
783 647 825 706 7
850 644 977 704 722
1007 653 1065 699 et
1098 644 1179 705 12
1207 641 1353 706 445.

567 728 713 793 488.
798 728 1064 784 concitus
1090 727 1185 783 ira
1210 728 1373 804 Virg.
1411 725 1566 784 Aen.
1602 728 1644 789 9
1672 722 1820 791 694.

566 812 711 876 434.
797 813 960 887 Virg.
1003 812 1224 889 Georg.
1268 772 1462 875 40168
1499 820 1560 869 et
1589 810 1752 869 Aen.
1789 815 1824 874 1
1859 809 2019 879 436:
2080 813 2371 894 ignavum
2394 810 2583 896 sucos

391 917 581 975 pecus
615 918 655 953 a
676 894 1069 972 praesepibus
1094 905 1317 953 arcent.

569 981 714 1044 437.
800 983 961 1057 virg.
1002 979 1163 1038 Aen.
1221 984 1301 1043 12
1341 979 1501 1043 6903
1565 981 1922 1058 magnisque
1962 995 2192 1041 aczmnt
2225 985 2584 1047 stridoribus

400 1068 546 1124 iras.
640 1065 716 1123 cf.
741 1064 823 1122 ib.
847 1084 906 1122 v.
902 1025 1095 1128 151083
1135 1063 1382 1122 Aeneas
1412 1084 1486 1120 αι·
1487 1065 1577 1120 uit
1609 1067 1894 1122 Martem.

571 1148 714 1214 488.
799 1148 973 1207 haud
992 1169 1178 1206 secus.
1268 1153 1356 1207 sic
1381 1150 1664 1226 Virgilius
1690 1151 1902 1228 incipit
1917 1149 2081 1208 Aen.
2116 1155 2157 1214 2
2180 1155 2323 1229 382,
2366 1151 2409 1218 4
2432 1151 2581 1232 447,

401 1237 443 1299 8
474 1231 615 1307 414,
672 1234 747 1296 11
780 1232 903 1296 814
929 1243 988 1290 et
1020 1236 1101 1296 12
1127 1235 1167 1295 9
1203 1244 1261 1289 et
1291 1232 1433 1296 124.

566 1316 711 1381 440.
796 1320 960 1395 Virg.
987 1317 1151 1374 Aen.
1186 1321 1226 1380 7
1258 1321 1380 1380 708
1406 1325 1465 1374 et
1492 1318 1530 1377 9
1560 1315 1685 1380 463
1718 1314 1873 1374 dixit
1899 1317 2139 1377 aer-alas
2161 1320 2338 1379 acles.
2397 1324 2582 1382 Pote-

399 1421 527 1460 ram
560 1404 851 1479 corrigere
880 1406 1170 1472 armatis,
1224 1411 1293 1459 ut
1322 1402 1441 1458 feci
1472 1401 1628 1458 infra
1662 1402 1702 1463 2
1735 1405 1848 1475 333
1907 1401 2016 1462 sed
2047 1402 2155 1462 hoc
2184 1407 2299 1463 loci
2324 1410 2580 1484 praetuli

398 1491 620 1546 aeratis
648 1447 747 1544 ob*
758 1488 1128 1565 subsequens
1152 1485 1264 1543 hor
1261 1488 1476 1555 rescit,
1520 1496 1586 1542 ut
1616 1488 1778 1564 virg.
1813 1486 1975 1545 Aen.
2011 1492 2052 1551 7
2078 1492 2238 1555 626.
2297 1491 2581 1552 leonae-ic

396 1573 620 1630 strictis
640 1592 732 1648 seg
709 1591 805 1629 <res
835 1571 1072 1628 ensibus
1097 1585 1356 1649 aeraque
1367 1569 1645 1648 ficlgent.

566 1654 839 1718 441-2.
922 1657 1087 1732 Virg.
1114 1655 1279 1713 Aen.
1311 1654 1353 1718 4
1382 1656 1538 1718 1493
1583 1653 1934 1712 telaeouant
1952 1654 2240 1729 humeris,
2280 1664 2579 1726 et9725·

398 1738 651 1798 obnixus·
672 1740 815 1797 latis
833 1739 1114 1797 humeris.

567 1823 711 1888 443.
797 1826 860 1881 in
893 1827 1068 1882 citato
1096 1827 1373 1902 poemate
1407 1817 1538 1880 Ioh.
1563 1823 1636 1880 11.
1663 1821 1752 1879 De
1779 1823 1962 1882 Bonis
2004 1825 2037 1885 1
2087 1825 2208 1889 170
2246 1828 2465 1905 legitur
2490 1830 2579 1889 sio

397 1907 497 1967 hic
523 1929 728 1968 versus
754 1910 1131 1966 immutatus:
1156 1919 1213 1965 ec
1233 1907 1410 1986 galee
1435 1927 1781 1986 summoque
1805 1910 2031 1965 micant
2056 1911 2122 1966 in
2143 1915 2354 1970 veriti-e
2379 1916 2574 1975 criste.

401 1996 478 2052 cf·
502 1997 665 2073 virg.
696 1993 860 2051 Aen.
896 1998 935 2056 3
970 1992 1128 2066 467,
1174 1997 1212 2056 6
1243 1996 1399 2064 779,
1445 2002 1503 2048 et
1533 1994 1612 2054 12
1646 1996 1727 2057 88
1767 2002 1825 2049 et
1857 1991 2003 2055 451.

562 2077 706 2142 444.
793 2080 968 2136 citato
990 2080 1054 2134 in
1082 2082 1355 2156 poemate
1383 2079 1417 2137 1
1451 2077 1566 2140 171
1598 2078 1684 2135 sic
1711 2077 1963 2155 legitur:
2009 2078 2269 2136 volvitur·
2293 2079 2581 2143 obeamus

397 2163 581 2222 densa
610 2162 1115 2241 caliginepulvclv.
1210 2163 1287 2219 cf.
1316 2164 1478 2238 Virg.
1509 2162 1673 2220 Aen.
1709 2161 1785 2222 11
1817 2164 1962 2225 876.

566 2248 711 2311 445.
797 2249 1114 2326 quinquies
1142 2266 1285 2304 usus
1320 2255 1410 2304 est
1441 2249 1622 2304 etiam
1646 2248 1809 2322 Virg.
1841 2244 2120 2306 adverbio
2149 2248 2404 2307 assidue.

567 2330 712 2396 447.
795 2334 958 2409 Virg.
987 2331 1150 2388 Aen.
1194 2335 1234 2393 2
1268 2329 1389 2394 479
1410 2374 1425 2404 ,
1486 2332 1526 2393 7
1553 2334 1675 2394 788
1716 2340 1775 2386 et
1818 2330 1894 2392 12
1929 2333 2051 2394 579
2088 2334 2298 2410 incipit
2321 2337 2577 2412 pariter}

399 2418 525 2494 ipse
552 2418 703 2473 inter
727 2417 978 2493 primos.
1070 2417 1230 2474 Plin.
1253 2416 1347 2475 H.
1384 2414 1473 2471 N.
1506 2419 1550 2479 2
1582 2418 1735 2478 107:
1780 2412 1998 2472 milites
2033 2416 2123 2474 acl
2157 2417 2438 2475 ultionem
2479 2439 2582 2476 ex-

399 2502 680 2559 hortanti.

568 2585 712 2652 449.
799 2581 873 2643 de
921 2584 1139 2664 pugnis
1182 2584 1246 2642 in
1276 2579 1520 2642 Perside
1562 2583 1747 2663 gestis
1789 2602 1826 2642 a
1853 2579 2120 2643 Iohanne
2151 2583 2288 2643 vide
2314 2605 2492 2666 supra
2516 2608 2581 2649 v·

400 2670 485 2735 58
510 2681 568 2728 et
593 2688 762 2750 seqq.
788 2679 847 2728 et
873 2681 1043 2727 notas
1070 2673 1134 2728 in
1165 2667 1379 2727 eadem
1399 2670 1552 2728 loca.

568 2754 715 2819 450.
801 2755 984 2813 Silius
1010 2757 1046 2817 1
1079 2753 1160 2819 55
1175 2772 1192 2811 :
1237 2756 1519 2812 iuvenum
1524 2755 1712 2835 sacta
1740 2754 1831 2815 ad
1846 2756 2141 2813 mavortia
2149 2755 2468 2833 flammat.

567 2838 715 2904 451.
799 2841 1027 2897 Martis
1053 2859 1204 2918 opus
1231 2841 1392 2918 Virg.
1425 2838 1588 2897 Aen.
1629 2844 1669 2903 8
1699 2840 1843 2905 516.

563 2921 712 2990 462.
754 2956 765 2965 ·
797 2922 980 2982 Prud.
1010 2926 1078 2981 in
1106 2923 1450 3002 Symmach.
1494 2926 1527 2986 1
1564 2926 1724 2989 5763
1761 2923 2131 3005 gentilesque
2154 2943 2375 3004 nugae.

564 3008 711 3073 454.
796 3010 961 3089 Virg.
991 3009 1158 3067 Aen.
1205 3010 1248 3075 6
1287 3011 1447 3074 7093
1507 3030 1625 3089 quo
1655 3010 1809 3090 sata
1847 3010 2096 3069 trahunt
2131 3009 2583 3092 retrahuntque,

396 3112 429 3150 s
497 3114 735 3152 namur.

428 3112 496 3175 eq
566 3176 712 3243 461.
792 3177 1075 3235 Antonia
1113 3186 1313 3235 eastra
1347 3178 1552 3257 ignota
1592 3178 1761 3237 fuere
1802 3177 1904 3238 vel
1946 3179 2062 3258 ipsi
2112 3178 2402 3253 cellario,
2473 3178 2581 3259 qui

398 3272 630 3320 tantum
666 3273 937 3321 recenset
967 3264 1031 3319 iu
1057 3264 1260 3321 Africa
1300 3274 1499 3321 castra
1535 3263 1807 3322 Cornelia
1844 3283 2028 3343 prope
2057 3261 2476 3341 Carthaginem
2513 3283 2580 3342 p.

406 3350 558 3420 153,
619 3357 677 3405 et
720 3358 919 3405 castra
965 3348 1402 3406 Germanorum
1442 3350 1507 3407 in
1543 3350 1911 3406 Mauretania
1947 3351 2309 3407 Caesariensi
2338 3368 2400 3428 p.
2435 3347 2580 3410 194.

399 3431 466 3488 in
496 3432 723 3510 Africa
754 3451 991 3513 quoqne
1031 3432 1375 3491 Christiana
1400 3453 1592 3512 nuper
1617 3430 1775 3490 edita
1810 3452 1845 3489 a
1874 3434 2198 3507 Morcellio,
2243 3433 2348 3490 ubi
2376 3432 2581 3490 inveni

400 3527 600 3574 castra
636 3517 910 3588 Galbae,
983 3528 1183 3575 castra
1217 3519 1423 3575 Severi
1463 3529 1521 3576 et
1565 3529 1764 3575 castra
1802 3537 1959 3575 nova
1975 3559 2000 3589 ,
2053 3517 2271 3575 frustra
2310 3516 2580 3597 quaesivi

401 3612 601 3659 castra
619 3603 922 3672 Antonia,
966 3604 1083 3660 nisi
1113 3600 1326 3660 eadem
1354 3606 1472 3662 sint
1497 3623 1566 3661 ac
1585 3600 1741 3660 illud
1754 3603 1970 3682 mem
1990 3602 2415 3659 Antonianum
2437 3621 2582 3679 pro-—

400 3688 628 3745 vinciae
658 3689 1036 3767 Byzacenae,
1083 3685 1158 3745 de
1193 3707 1311 3768 quo
1340 3687 1480 3746 vide
1516 3688 1599 3746 ib.
1635 3698 1679 3746 t.
1723 3686 1757 3751 1
1802 3707 1863 3766 p.
1904 3688 2046 3751 161.
2129 3690 2329 3744 utrum
2360 3704 2581 3744 nomen

398 3774 690 3830 traxerint
734 3792 805 3830 ea
840 3783 1030 3831 castra
1070 3791 1105 3830 a
1145 3776 1229 3831 M.
1260 3775 1521 3832 Antonio
1546 3773 1790 3845 Illviro,
1819 3782 1948 3830 *aut
1975 3773 2049 3830 ab
2083 3772 2209 3829 eins
2242 3772 2579 3849 legionibus

397 3857 461 3912 in
490 3858 690 3915 Africa
721 3856 1072 3936 degentibus
1098 3859 1208 3916 sub
1235 3860 1534 3936 praefecto
1554 3860 1795 3916 Pinario
1825 3858 2046 3937 Scarpo
2077 3875 2232 3915 anno
2250 3855 2468 3915 Christi
2495 3856 2574 3918 31

397 3940 729 3998 secundum
773 3954 1122 4021 computum
1169 3944 1512 4021 vulgarem,
1579 3944 1680 4000 vel
1723 3944 1954 4021 potins,
2022 3938 2186 4022 quod
2215 3942 2581 4021 probabilius

396 4023 664 4101 videtur,
719 4027 792 4083 ab
821 4039 1074 4107 utroque
1103 4030 1187 4085 Μ.
1217 4030 1476 4086 Antonio
1505 4026 1834 4102 Gordian0,
1878 4026 2135 4085 viderim
2157 4025 2394 4085 eruditi.
2478 4023 2581 4082 hic

398 4117 632 4166 tantum
679 4110 897 4168 addam
933 4110 1093 4191 quod
1133 4116 1225 4170 in*
1246 4113 1546 4171 Thesauro
1584 4112 1931 4171 eruditionis
1966 4111 2355 4170 scholasticae
2392 4110 2578 4170 Basil.
2615 4156 2620 4165 .

398 4193 579 4249 Fabri
611 4206 781 4253 aucto
814 4213 850 4252 a
879 4197 1137 4255 Cellario
1178 4196 1321 4277 (001.
1350 4199 1472 4264 467
1502 4195 1599 4256 ed.
1629 4200 1793 4277 Lips.
1830 4199 2012 4271 1681,
2054 4198 2154 4255 vel
2179 4198 2291 4256 col.
2323 4195 2442 4258 431
2480 4191 2581 4251 ed·

399 4281 624 4357 pariter
649 4279 978 4357 Lipsiensis
1010 4281 1197 4361 1696)
1227 4283 1409 4342 verbo
1436 4294 1636 4341 castra
1663 4283 1911 4361 legitur:
1965 4281 2394 4360 Ilierosoh‘mis
2434 4296 2583 4357 quo-

402 4381 517 4441 que
547 4363 787 4421 urbana
820 4378 1019 4424 caea-a
1052 4366 1401 4446 (praetoria,
1456 4369 1561 4427 ubi
1595 4370 2004 4448 praetorianus
2027 4369 2204 4427 miles
2234 4363 2581 4424 contineba-

498 4471 695 4527 Mmb.
738 4479 790 4529 et
833 4473 954 4526 Cor.
2099 4470 2178 4530 19
