3210 5200
1085 451 1197 515 DE
1243 448 1658 519 Liuomus
1704 450 2034 518 msrm.
2272 424 2275 427 ’
2494 449 2638 520 323

637 620 742 681 70.
827 618 1052 695 custos]
1098 616 1239 674 Sen.
1267 617 1373 675 lib.
1405 618 1469 675 in
1499 636 1626 697 sap.
1657 638 1777 675 non
1808 617 1937 676 cad.
1966 618 2142 675 iniur.
2172 636 2223 675 c.
2256 610 2364 677 14:
2407 616 2640 692 sapiens

475 724 593 760 non
627 701 868 759 accedet
902 701 992 759 ad
1014 702 1212 782 soree,
1274 723 1426 781 quas
1450 702 1637 760 (Ιιινιιε
1668 705 1889 761 ιάηἱίον
1918 701 2158 760 obsidet.
2248 701 2453 777 virgil.
2484 703 2638 758 Aen.

479 792 546 850 11
574 806 591 844 ε
638 787 931 865 fidusque
972 788 1061 845 ad
1094 786 1307 844 limina
1341 798 1552 846 eustos.
1642 808 1764 846 non
1789 792 1853 846 in
1879 791 2024 845 atrio
2051 789 2188 861 ille,
2232 782 2341 843 sed
2364 787 2429 842 in
2459 786 2639 843 vesti-

473 871 638 930 bulo.
698 873 811 930 Iul.
838 873 1080 929 Pollux.
1115 877 1145 935 1
1177 876 1238 936 8.
1300 871 1470 932 Ovid.
1505 874 1665 931 Fast.
1700 879 1771 937 1.·
1816 884 1995 951 utque
2018 873 2222 930 sedens
2247 879 2431 927 vester
2452 871 2645 947 primi

464 976 658 1035 prope
697 957 910 1014 limina
942 960 1079 1015 tecti
1104 958 1321 1015 ἰαηίων
1347 977 1611 1037 egressus
1641 959 2027 1037 introitusque
2050 957 2229 1015 videt.
2319 952 2560 1011 dicam
2541 974 2640 1011 m-

471 1042 585 1099 fra.
670 1042 836 1100 locus
880 1052 970 1100 est
1012 1043 1249 1119 elegans
1291 1041 1364 1100 de
1405 1045 1744 1121 importuno
1790 1045 2039 1100 ianitore
2065 1038 2226 1121 apud
2254 1037 2641 1097 Heliodorum

471 1124 752 1229 Aethiop.
784 1130 855 1201 8,
936 1128 1038 1184 ubi
1079 1129 1310 1205 Bagoas
1352 1126 1721 1207 Euphratem
1768 1123 2118 1207 καταλαβων
2162 1124 2264 1190 ἐπὶ
2304 1126 2415 1203 τῆς
2460 1116 2643 1202 εὐνῆς

474 1204 782 1287 α’φύπνισέ
817 1233 881 1272 τε
917 1211 1021 1275 καὶ
1054 1209 1520 1293 θορυβούμενον
1559 1212 1663 1275 καὶ
1692 1214 1785 1287 τίς
1818 1205 1996 1287 οὗτος
2024 1215 2264 1294 βοωντα
2293 1206 2646 1282 κατέστελλε,

473 1291 723 1377 Βαγώας
752 1290 865 1375 ἐγω
890 1294 1095 1376 λέγων.
1176 1298 1457 1360 Diem-sax

638 1383 742 1444 76.
827 1377 1031 1438 deerat
1067 1379 1168 1439 hio
1191 1383 1480 1441 verbum·
1535 1401 1678 1439 nam
1705 1383 1791 1441 sic
1819 1382 2159 1459 legebat-ur,
2203 1399 2381 1461 surge
2414 1379 2645 1437 Calin&-

471 1486 578 1521 cus
603 1467 710 1522 ait.
801 1468 1075 1544 supplevi
1104 1465 1379 1526 addendo
1411 1466 1692 1547 agedum.
1740 1470 2018 1527 Deursr.
2105 1487 2308 1545 surge,
2350 1467 2470 1536 eia,
2526 1465 2645 1524 C'a-

473 1550 721 1628 llaicus]
765 1552 1091 1629 interposui
1116 1548 1184 1616 τὸ
1209 1555 1341 1624 aia,
1384 1573 1502 1633 qua
1527 1553 1656 1609 sine
1690 1552 2059 1612 claudicabat
2085 1572 2309 1611 versus.
2349 1553 2539 1609 Rrrr.

639 1640 743 1699 77.
833 1634 957 1710 [ms
987 1637 1270 1717 domini.]
1323 1658 1562 1697 mecum
1584 1658 1649 1695 se
1677 1639 1844 1716 legas
1872 1640 2150 1708 dominis,
2193 1638 2462 1697 restitues
2498 1655 2641 1713 pro-

473 1721 629 1778 fecto
660 1721 932 1800 Corippo,
962 1741 1144 1802 quam
1170 1725 1472 1801 eleganter
1498 1725 1832 1801 exprimere
1862 1723 2134 1796 intendit,
2161 1720 2419 1781 custodis
2439 1740 2645 1798 prom-

473 1807 806 1881 ptissimam
830 1807 1266 1866 solicitudinem
1296 1807 1611 1867 nuntiandi
1640 1810 1863 1867 Iustino
1893 1819 1953 1866 et
1980 1805 2240 1888 Sophiae
2270 1806 2540 1865 Callinici
2568 1802 2645 1862 ad

474 1891 631 1949 fores
656 1893 1139 1970 intempestivum
1162 1892 1500 1952 adventum.
1552 1892 1693 1951 hinc
1717 1914 1776 1952 v.
1806 1896 1885 1956 89
1910 1897 2134 1973 inquit:
2161 1893 2251 1966 fit
2276 1893 2452 1948 iussis
2478 1910 2646 1948 mora

474 1975 648 2033 nulla
675 1975 787 2033 dei.
879 1976 998 2049 dei,
1043 1998 1160 2058 qua
1201 1981 1486 2057 religione
1522 1970 1726 2058 paullo
1774 1988 1909 2035 ante
1947 1997 2009 2036 v.
2054 1979 2134 2043 85
2182 1977 2447 2035 dixerat:
2507 1975 2645 2032 licet

473 2060 620 2118 haec
641 2062 786 2119 deus
812 2064 1013 2121 omnia
1025 2064 1208 2142 jecit,
1254 2076 1310 2122 et
1336 2086 1395 2124 v.
1426 2066 1540 2129 52:
1589 2083 1736 2141 cape
1763 2063 1922 2120 dona
1949 2062 2065 2120 dei.
2152 2064 2349 2122 Foco.

636 2149 740 2209 78.
831 2150 1152 2207 Callinicus
1185 2148 1347 2207 idem
1386 2160 1556 2207 sonat
1583 2170 1652 2206 ac
1682 2152 1733 2207 si
1767 2147 1926 2206 dicas
1952 2146 2276 2225 pulchram
2308 2147 2643 2216 ‹detor-iam,

472 2243 649 2310 atque
673 2230 836 2306 inde,
879 2235 1074 2312 inquit
1101 2241 1306 2311 poeta,
1349 2236 1688 2311 auspicium
1714 2235 1940 2291 Iustino
1960 2232 2149 2312 filix.-
2196 2243 2284 2290 est
2311 2233 2475 2288 enim
2504 2232 2644 2287 Cal-

473 2317 687 2373 linicus
713 2315 974 2394 hymnus
996 2320 1295 2394 victoriae,
1339 2330 1406 2376 ut
1435 2317 1596 2397 apud
1624 2322 1867 2377 Latinos
1892 2318 1948 2374 ἰο
1975 2319 2214 2388 Paean,
2244 2320 2298 2375 io
2323 2314 2644 2391 ίνίιιηιρΙιε,

474 2398 695 2459 Athen.
722 2399 1167 2479 Dipnosophist.
1208 2402 1283 2466 14
1323 2408 1434 2476 12,
1487 2402 1677 2495 idque
1708 2405 2055 2505 praesertim
2087 2405 2149 2461 in
2178 2400 2465 2460 honorem
2488 2404 2649 2457 Her-

473 2487 645 2543 culiS.
730 2487 843 2544 Iul.
870 2487 1093 2545 Pollux
1118 2488 1159 2551 4
1195 2486 1295 2550 14.
1380 2447 1740 2567 Euripide⁰⁸s
1724 2511 1787 2547 ιιι
1814 2489 2071 2547 Hercule
2111 2487 2375 2561 furente,
2436 2495 2504 2544 ut
2532 2485 2642 2543 ob-

471 2583 669 2631 servat
693 2570 1067 2631 doctissimus
1096 2575 1362 2632 Muretus
1395 2593 1522 2632 var.
1546 2575 1685 2632 lect.
1716 2579 1753 2639 8
1794 2575 1907 2650 11,
1970 2570 2079 2637 τόν
2108 2574 2469 2635 Καλλίνικον
2504 2566 2648 2650 μετοὶ

473 2660 639 2718 θεῶν
687 2650 1015 2736 ἐκώμασεν.
1101 2669 1159 2715 et
1217 2660 1439 2717 milites
1490 2662 1881 2718 lastinianum
1923 2659 2288 2720 Καλλίνικον
2339 2665 2642 2730 vocarunt,

473 2744 721 2821 Procop.
754 2742 900 2799 belli
931 2745 1094 2800 Pers.
1127 2746 1189 2803 2.
1277 2744 1659 2801 sumebantur
1693 2754 1828 2802 ante
1874 2747 2120 2823 auguria
2165 2746 2230 2801 in
2275 2743 2645 2801 successione

475 2847 795 2905 regnorum
824 2847 858 2884 a
883 2827 1245 2886 nominibus„
1331 2831 1530 2888 Victor
1554 2832 1620 2885 in
1644 2827 2018 2904 Theodosi03
2050 2827 2186 2887 vide
2214 2838 2271 2886 et
2296 2829 2646 2886 Suetonium

473 2916 631 2990 Aug.
660 2916 761 2975 96.
846 2932 969 2970 ιιοιι
1014 2910 1224 2971 desunt
1270 2915 1381 2971 viri
1424 2917 1527 2993 qui
1569 2926 1781 2992 putent
1823 2913 1982 2974 hunc
2008 2917 2361 2974 Callinicum
2391 2910 2648 2969 eundem

474 3018 603 3056 esse
645 3018 780 3055 cum
816 2997 1128 3068 Calatino,
1187 3018 1369 3077 quem
1393 3002 1653 3057 Nauium
1693 3004 2023 3080 principem
2069 3001 2328 3081 appellat
2351 3000 2647 3054 Diacouus

477 3087 554 3146 16
586 3085 650 3141 in
677 3084 1022 3141 Iustiniana
1107 3083 1374 3143 Adamus
1404 3084 1851 3161 Abrenethens,
1915 3089 2142 3164 collega
2184 3096 2242 3143 et
2286 3085 2430 3141 civis
2474 3101 2646 3138 meus

474 3171 855 3228 suavissimus
880 3170 1142 3248 olimque
1175 3170 1573 3247 periculorum
1599 3174 1916 3250 particeps,
1943 3174 2066 3228 iam
2087 3168 2418 3227 medicinae
2447 3164 2648 3223 doctor
2683 3179 2690 3186 ·

478 3263 537 3309 et
571 3256 940 3332 praepositus
975 3258 1286 3332 gymnasio
1324 3257 1908 3332 Monspeliensuum‚
1955 3257 2260 3328 censebat,
2304 3271 2443 3310 cum
2478 3251 2645 3308 nulla

478 3350 630 3397 esset
656 3350 758 3397 aut
788 3358 916 3398 rara
949 3338 1110 3417 apud
1141 3336 1452 3396 historicos
1477 3343 1700 3396 mentio
1734 3343 2024 3415 Callinici,
2068 3340 2326 3399 eundem
2353 3357 2480 3395 esse
2508 3355 2645 3392 cum

412 3497 420 3507 .
485 3423 825 3502 Calogemto
855 3424 1013 3502 apud
1041 3422 1458 3481 Cassiodorum
1488 3426 1565 3485 10
1593 3444 1688 3500 ep.
1722 3427 1780 3496 8,
1827 3436 1886 3482 et
1911 3437 2062 3482 certe
2086 3428 2236 3482 mire
2272 3423 2468 3480 omnia
2499 3439 2645 3477 con-

478 3511 742 3565 veniunt.
805 3519 865 3566 at
892 3527 1001 3586 ego
1026 3510 1267 3566 invenio
1300 3506 1460 3585 apud
1491 3509 1810 3565 Leontium
1836 3506 2253 3566 scholasticum
2279 3509 2643 3605 epigramma

478 3590 599 3648 de‘
581 3595 843 3671 imagine
871 3595 1141 3651 Callinici
1174 3594 1550 3651 cubicularii.
1607 3586 1812 3654 κάλλει
1845 3589 1954 3671 μὲν
1989 3596 2161 3674 νικᾷς
2191 3592 2437 3670 κραδίης
2467 3583 2643 3650 τόσον

476 3669 623 3740 οσον
661 3673 941 3757 ὀπωπῆς·
1002 3683 1113 3756 τῆς
1147 3703 1261 3761 γαρ
1305 3677 1649 3756 ἐπωνυμίης
1682 3673 1818 3752 ἄξια
1849 3700 2045 3738 wavra
2066 3654 2286 3757 φέρεις.
2368 3674 2641 3731 meminit

415 3781 420 3788 ·
474 3774 676 3822 noster
700 3764 887 3837 infra,
941 3774 1000 3821 et
1026 3764 1133 3821 lib.
1177 3762 1218 3825 4
1262 3783 1324 3820 n.
1357 3764 1416 3827 5.
1473 3765 1752 3822 Demsr.
1837 3762 1944 3823 illo
1981 3763 2055 3820 de
2085 3761 2348 3838 nomine]
2394 3757 2640 3817 Calinici

475 3867 721 3926 nempe,
766 3868 887 3928 quo
915 3847 1072 3906 bona
1102 3850 1347 3907 victoria
1380 3849 1826 3926 significaretur,
1868 3857 1937 3906 ut
1960 3867 2106 3910 mox
2136 3848 2419 3925 sequitur.
2505 3861 2644 3900 ver-

478 3950 578 3989 sus
621 3945 821 3991 autem
861 3953 1039 3992 causa
1071 3935 1399 3992 Calinicum
1447 3931 1588 3991 dicit
1628 3954 1735 4013 pro
1769 3935 2082 3992 Callinico.
2140 3951 2283 3989 nam
2314 3933 2400 3989 sic
2430 3927 2639 3985 Graeci

479 4025 811 4074 constanter
837 4020 1190 4094 καλλίνικος,
1230 4037 1351 4075 non
1381 4021 1702 4093 καλίνικος.
1786 4030 1997 4078 notum
2024 4037 2103 4075 ex
2132 4019 2497 4095 antiquitate,
2539 4030 2638 4068 so-

477 4097 617 4156 litos
656 4100 800 4156 boni
846 4108 1059 4162 ominis
1101 4122 1276 4161 causa
1315 4105 1652 4161 citationem
1691 4107 2005 4161 nominum
2049 4101 2230 4161 ordiri
2263 4103 2336 4158 ab
2375 4101 2451 4156 iis
2487 4112 2639 4173 quae

480 4181 631 4239 bene
659 4185 956 4262 auspicata
980 4199 1200 4245 essent.
1285 4189 1368 4244 ita
1405 4190 1689 4246 nimirum
1716 4187 1872 4246 unde
1919 4207 2113 4268 uaque
2153 4189 2422 4246 ominac
2390 4180 2638 4254 collige·-

480 4266 644 4323 bant.
727 4289 901 4346 porro
932 4268 1089 4330 hunc
1115 4274 1466 4331 Callinicum
1503 4276 1625 4330 iam
1657 4294 1864 4331 senem
1878 4208 2075 4332 ¹}uisse
2103 4283 2162 4330 et
2182 4270 2495 4350 patricium
2531 4282 2639 4319 seu

477 4361 708 4428 patrem
734 4355 1043 4434 principis,
1097 4368 1324 4416 constat
1369 4378 1448 4415 ex
1489 4358 1605 4416 fine
1649 4360 1786 4416 libri
1815 4359 1875 4421 4.
1960 4360 2065 4417 ubi
2095 4357 2168 4415 de
2204 4355 2317 4412 hac
2349 4349 2635 4426 dignitate

479 4456 666 4514 pauca
687 4438 924 4498 notabo.
1010 4441 1159 4498 illud
1189 4441 1329 4501 hic
1316 4463 1554 4522 insuper
1581 4463 1792 4523 operae
1819 4446 2074 4524 pretium
2100 4443 2277 4499 suerit
2305 4438 2634 4505 observare,
