3210 5200
1015 424 1544 492 IOHANNIDOS
1593 423 1755 492 LIB.
1807 422 1955 490 VII.
2437 418 2583 490 149

557 591 876 650 consilium
902 587 1148 652 ductor:
1191 594 1354 650 stetit
1381 610 1602 669 aggere
1630 590 1845 648 celsior
1866 588 2019 667 lpse.

558 705 698 753 tunc
726 694 871 750 laeti
898 713 1115 750 venere
1147 690 1330 753 duces
1354 695 1657 773 fortesque
1681 692 1928 764 tribuni,

557 807 738 875 atque
766 796 1150 875 suoyeniens
1185 795 1519 854 condensus
1549 797 1616 852 in
1640 794 1880 872 agmine
1907 791 2084 849 miles

557 918 666 977 per
690 916 972 954 numeros
998 906 1341 977 turmasque
1368 899 1521 969 ruit3
1564 896 1861 974 rebusque
1886 890 2083 950 fidelis

393 999 514 1066 185
558 996 926 1058 contrahitur
955 998 1217 1077 Massyla
1251 1018 1466 1056 manus
1497 999 1584 1057 sic
1617 999 1795 1054 mista
1826 996 2080 1067 Latinis,

554 1123 664 1161 ceu
693 1105 961 1159 Romana
986 1101 1181 1157 ferox.
1231 1149 1235 1154 .
1267 1110 1512 1158 cunctos
1543 1117 1715 1157 amor
1737 1100 1868 1177 ipse
1897 1097 2166 1175 magistri

555 1204 954 1281 terribilisque
981 1212 1177 1259 metus
1204 1203 1430 1280 campis
1462 1219 1768 1258 occurrere
1798 1199 1992 1256 iussit.

550 1308 866 1364 unanimes
896 1301 1135 1361 habitus
1167 1313 1377 1381 gentes
1408 1301 1693 1361 discernit
1720 1309 2022 1378 utrasque.

550 1406 646 1467 his
676 1409 905 1465 tunicas
931 1408 1189 1478 ferrum,
1234 1402 1360 1477 his,
1404 1401 1584 1461 nudis
1613 1399 1690 1460 de
1718 1421 1886 1460 more
1912 1400 2172 1475 lacertis,

389 1513 509 1576 190
546 1529 807 1589 purpura
830 1512 988 1588 picta
1016 1506 1228 1580 dabat,
1272 1507 1436 1564 vario
1461 1506 1747 1584 permista
1773 1502 1994 1559 colore.

549 1608 662 1669 hos
692 1611 950 1689 clipeus,
995 1607 1105 1667 hos
1129 1618 1287 1668 cetra
1312 1608 1482 1685 tegit.
1568 1614 1686 1665 stat
1713 1600 1942 1663 casside
1967 1602 2160 1661 celsus

549 1713 724 1772 miles
753 1722 814 1771 et
838 1710 1162 1789 implicitae
1194 1712 1438 1769 Maurus
1461 1709 1762 1767 velamine
1790 1706 1990 1785 pallae
2007 1721 2029 1763 z

549 1825 640 1874 ast
667 1816 820 1872 alius
846 1814 1058 1889 longos
1090 1831 1401 1870 removens
1431 1830 1466 1869 a
1497 1812 1694 1868 fronte
1730 1807 1999 1887 capillos,

545 1916 875 1975 missilibus
902 1917 1083 1972 nixus
1108 1916 1364 1992 geminis
1390 1925 1450 1972 et
1471 1914 1699 1993 poplite
1731 1911 1912 1983 flexo,
1996 1900 2002 1909 ”

387 2020 505 2088 195
547 2029 648 2078 aut
684 2016 833 2076 dura
867 2015 1125 2074 solidam
1158 2014 1421 2092 defigens
1457 2009 1703 2092 cuspide
1729 2021 1973 2070 terram.

544 2120 693 2202 qnos
722 2117 931 2177 ductor
956 2116 1192 2175 medius
1216 2115 1389 2175 dictis
1418 2115 1636 2174 affatur
1658 2113 1889 2172 amicis.

535 2214 836 2281 “Romani
863 2222 1139 2292 comites,
1184 2220 1378 2277 fessae
1406 2238 1542 2298 spes
1571 2219 1749 2277 unica
1771 2225 1986 2286 terrae,

545 2336 702 2384 certa
729 2324 892 2389 salus
920 2322 1147 2400 Libyae
1175 2324 1388 2380 vestris
1420 2341 1582 2378 nunc
1608 2315 1832 2400 pendet
1854 2318 1923 2374 in
1949 2312 2153 2371 armis.

543 2429 668 2486 iam
700 2426 930 2483 bellum
958 2424 1129 2481 finire
1162 2421 1334 2481 decet
1365 2422 1664 2501 durosque
1699 2419 1959 2478 labores.

376 2522 501 2597 200
539 2525 932 2610 pugnandum
958 2518 1117 2585 est.”
1201 2525 1443 2604 gavisae
1476 2524 1635 2580 acies
1662 2531 1991 2599 gentesque
2017 2512 2268 2572 Latinae

543 2636 714 2712 signa
743 2640 1007 2689 movent.
1092 2647 1216 2687 vox
1249 2646 1371 2684 una
1404 2627 1639 2699 fremit,
1679 2622 2009 2702 populique
2045 2615 2343 2693 ducesque
2406 2667 2411 2672 .

539 2734 957 2814 Massylaeque
981 2749 1196 2789 manus
1218 2747 1441 2806 magno
1465 2729 1732 2785 cecinere
1757 2726 2017 2801 fragore.

540 2839 892 2918 promittunt
927 2835 1188 2905 animos,
1234 2834 1532 2910 curritque
1558 2848 1666 2910 per
1690 2827 1933 2905 agmina
1960 2824 2153 2880 laetus

539 2958 847 2998 murmure
882 2946 1092 2994 cuncta
1124 2954 1327 2993 sonus.
1411 2952 1535 2990 non
1563 2933 1650 2990 sic
1681 2932 1906 3009 agitata.
1937 2925 2226 2985 resultant

368 3043 497 3109 205
539 3061 799 3122 aequora
825 3042 1091 3099 venturis
1117 3039 1296 3115 longe
1330 3036 1630 3113 signantia
1657 3034 1874 3096 ventis.

310 3131 315 3137 ⁴
622 3146 825 3204 Sensit
851 3153 916 3202 ut
943 3142 1217 3219 egregius
1241 3138 1601 3218 populormn
1630 3145 1769 3196 vota
1795 3130 2116 3204 Iohannes,

539 3246 789 3305 consilio
820 3245 1069 3302 meliore
1104 3241 1304 3311 docet,
1350 3258 1504 3318 quae
1540 3239 1733 3316 prima
1761 3236 1971 3294 salutis

535 3369 712 3408 causa
744 3349 890 3420 fuit,
936 3347 1230 3423 rebusque
1266 3340 1404 3399 data
1439 3349 1529 3397 est
1559 3339 1808 3395 victoria
1839 3336 2115 3395 summis·

532 3461 601 3509 ut
625 3452 899 3508 fremitus
927 3449 1143 3527 pressit
1174 3443 1505 3521 dextraque
1538 3440 1776 3498 silentia
1802 3441 1996 3513 iussit,

363 3556 495 3619 210
536 3553 767 3610 attoniti
797 3551 1016 3610 siluere
1047 3546 1575 3622 viri‚.faciemque
1603 3541 1908 3620 loquentis

534 3655 894 3732 suspiciunt:
946 3653 1136 3709 animi
1160 3649 1340 3708 iussis
1366 3662 1659 3723 auresque
1689 3649 1992 3721 parantur·

536 3753 753 3813 affatur
776 3756 967 3813 socios
994 3754 1152 3811 clara
1180 3753 1266 3809 sic
1296 3768 1441 3807 voce
1470 3747 1781 3822 magister.

526 3849 710 3932 “nec‚
754 3858 933 3931 socii,
980 3863 1275 3913 transacta
1310 3851 1439 3911 dies
1466 3869 1580 3907 nec
1612 3848 1866 3905 crastina
1896 3860 2137 3920 pugnae

532 3971 670 4039 apta
702 3959 906 4033 datur,
951 3956 1314 4035 dominoque
1343 3962 1570 4013 sacrata
1600 3969 1707 4030 per
1734 3945 1941 4004 orbem
1966 3951 2076 3998 est.

362 4060 489 4124 215
532 4081 714 4141 quare
749 4065 940 4139 agite,
985 4083 1020 4118 o
1048 4077 1353 4139 proceres,
1398 4053 1631 4118 Christo
1664 4047 2025 4107 famulemur
2049 4051 2314 4108 ovantes.

530 4161 897 4242 praesidium
928 4164 1189 4221 lacrimis
1215 4158 1475 4218 humiles
1506 4172 1745 4214 oremus
1774 4149 1847 4208 ab
1875 4148 1999 4219 illo,

368 4310 470 4365 184
502 4313 776 4381 turbasque
818 4313 964 4381 apud
1012 4313 1100 4364 M:
1156 4311 1223 4362 cf.
1269 4306 1301 4360 5
1346 4307 1467 4361 483.
1679 4302 1773 4355 191
1812 4304 2017 4369 sceptra
2052 4294 2101 4346 Τ
2299 4287 2403 4339 214
2438 4285 2554 4352 post

360 4388 516 4431 «latur
541 4382 678 4437 deest
702 4381 861 4437 durae
883 4385 997 4450 vel,
1029 4383 1165 4452 quod
1198 4379 1378 4433 tuatim
1394 4417 1410 4443 ‚
1448 4373 1535 4446 piu
1557 4371 1708 4428 cuim·
