3210 5200
1047 446 1577 516 IOHANNIDOS
1625 449 1785 517 LIB.
1833 450 1947 518 111.
2494 458 2586 528 71

577 610 962 692 congreditur
987 612 1205 673 mediis
1243 615 1634 676 commiscens
1661 617 1891 698 proelia
1920 618 2136 694 silvis‚‘

405 717 530 784 420
569 714 912 796 impavidus
938 714 1248 797 fidensque
1278 719 1424 777 suis.
1509 721 1633 776 iam
1666 722 1890 778 vicerat
1914 717 2138 796 hostes,

572 822 814 900 iamque
844 820 1003 886 acies
1037 817 1285 878 adversa
1311 819 1505 897 fugax
1534 818 1842 879 advertere
1874 833 2042 901 terga

573 931 848 1000 coeperat
880 931 1058 1001 atque
1088 932 1255 979 metu
1279 923 1551 997 fervens,
1596 924 1838 1003 iamque
1870 926 1997 1002 ipse
2032 944 2142 1003 per
2167 921 2368 986 hostes

576 1025 757 1082 currit
787 1035 846 1082 et
876 1044 1112 1082 eversas
1144 1027 1415 1104 sequitur
1443 1044 1553 1103 per
1579 1021 1755 1084 devia
1783 1035 2032 1099 turmas,

577 1145 715 1182 cum
742 1127 938 1184 subito
967 1125 1203 1204 dirupta
1227 1123 1405 1183 fides.
1489 1127 1751 1184 Fortuna
1781 1129 2014 1185 retorsit

409 1224 534 1291 425
573 1229 774 1287 vultus
807 1240 962 1286 retro
994 1248 1154 1287 suos.
1238 1226 1522 1287 Lachesis
1547 1239 1694 1286 ω110
1717 1229 1974 1287 stamina
2001 1231 2181 1309 rupit,

573 1331 856 1411 laesaque
888 1349 1195 1411 perversas
1220 1332 1423 1389 retulit
1451 1332 1698 1388 victoria
1723 1330 1976 1408 palmas.

575 1432 857 1491 invenere
886 1453 1064 1492 suum
1091 1444 1234 1491 tunc
1261 1433 1452 1489 tristia
1480 1431 1604 1489 fata
1628 1434 1992 1491 ministrum.

577 1533 905 1593 Guntarich
932 1536 1152 1594 infelix
1181 1544 1452 1593 nostrum
1484 1513 1803 1593 conterruit
1833 1555 2073 1614 agmen.

575 1635 845 1697 funditus
872 1635 973 1696 hic
1006 1638 1200 1717 potuit
1221 1638 1519 1695 Romanas
1550 1647 1779 1695 vertere
1808 1638 1987 1696 vires.

409 1729 534 1798 430
573 1756 696 1795 11011
720 1740 946 1798 victum
973 1727 1242 1816 fortuna,
1285 1740 1497 1795 minax
1520 1758 1644 1795 11011
1671 1750 1966 1817 presserat
1993 1739 2202 1815 hostis,

576 1857 701 1895 non
727 1851 923 1900 metus
951 1862 1087 1899 acer
1111 1859 1328 1920 agens-⁶,
1378 1839 1485 1899 sed
1514 1851 1750 1900 vertens
1775 1853 1975 1901 mente
2002 1845 2267 1923 maligna

577 1941 747 2018 sigua
776 1943 956 2001 refert
982 1944 1271 2023 fingitque
1300 1944 1529 2022 fugam.
1617 1963 1797 2024 quem
1819 1943 1969 2003 vidit
1996 1956 2062 2003 ut
2094 1950 2288 2006 omnis

574 2061 745 2102 versa
778 2043 987 2104 cohors
1016 2045 1346 2125 trepidum,
1388 2049 1686 2125 sequitur,
1731 2050 2075 2127 campisque
2104 2053 2455 2128 magistrumn
2493 2089 2500 2098 ·

579 2140 827 2224 deserit,
869 2151 933 2206 in
960 2147 1178 2207 mediis
1199 2151 1552 2206 miscentem
1575 2149 1805 2228 proelia
1834 2149 2032 2208 fossis.

409 2241 535 2308 435
575 2243 724 2305 haec
750 2250 874 2308 fors
901 2249 1047 2308 dura
1074 2270 1260 2310 novas
1283 2231 1426 2309 tunc
1455 2249 1727 2310 hostibus
1757 2248 1990 2310 addidit
2018 2254 2138 2312 iras

574 2351 973 2432 virtutemque
1007 2352 1219 2427 simul,
1260 2356 1476 2412 nostris
1507 2355 1817 2431 letumque
1847 2363 2196 2433 'metumque

575 2452 1011 2535 obscenamque
1040 2455 1280 2532 fugam,
1322 2456 1486 2534 turpi
1515 2474 1669 2535 quae
1692 2451 1943 2532 perdere
1975 2466 2183 2532 gentes

576 2555 765 2614 Marte
798 2559 969 2617 solet.
1056 2560 1326 2638 sequitur
1352 2555 1552 2616 densis
1579 2559 1704 2615 iam
1728 2556 1940 2615 fort10r
1963 2561 2145 2618 armis

577 2654 764 2719 hostis
797 2660 1008 2718 acerba
1036 2660 1263 2718 furens.
1350 2661 1479 2738 ipse
1510 2655 1900 2737 impendente
1928 2661 2189 2718 tumultu

410 2754 536 2823 440
577 2760 820 2838 occidit,
864 2761 1019 2838 heu,
1065 2762 1230 2821 duris
1258 2760 1543 2820 transfixo
1572 2771 1812 2840 pectore
1839 2761 1977 2820 telis

578 2864 910 2924 immeritus
941 2866 1249 2924 Solomon.
1335 2875 1479 2922 tunc
1504 2866 1699 2923 omnis
1727 2865 1976 2923 vertitur
2000 2863 2168 2923 ordo.

578 2967 786 3027 MartIs
808 2988 973 3027 more
1001 2969 1203 3027 furens
1229 2967 1433 3025 nullus
1461 2968 1586 3024 iam
1615 2967 1791 3026 rebus
1822 2970 2048 3026 amicus

577 3074 832 3146 mansit,
872 3069 986 3129 sed
1011 3068 1299 3150 praedam
1323 3071 1559 3148 rapiens
1588 3089 1699 3148 per
1724 3071 1885 3128 bella
1916 3073 2167 3129 cucurrit

579 3175 774 3232 onmis
804 3176 994 3231 amica
1016 3193 1251 3231 manus.
1337 3172 1501 3229 flevit
1528 3183 1672 3229 tunc
1695 3176 1881 3232 tristis
1909 3185 2107 3231 arator

408 3272 538 3340 445
581 3274 937 3350 disiunctos,
990 3276 1260 3353 fugiens,
1308 3271 1511 3332 hostes
1544 3276 1810 3351 rapuisse
1837 3276 2142 3333 iuvencos.

578 3389 721 3436 tunc
745 3397 952 3436 omnes
977 3378 1209 3457 periere
1239 3374 1483 3449 domus,
1526 3385 1669 3432 tunc
1695 3386 1904 3433 cuncta
1931 3377 2230 3455 supellex.

580 3500 690 3538 nec
717 3473 881 3539 sol'us
908 3498 1135 3558 pauper
1163 3498 1303 3536 casu
1332 3495 1652 3536 concussus
1678 3479 1743 3533 in
1770 3477 1877 3535 1110

583 3584 929 3641 succubuit:
976 3579 1143 3639 dives
1173 3583 1396 3660 pariter
1431 3600 1569 3638 cum
1598 3597 1860 3658 paupere
1891 3598 2145 3639 mersus.

520 3704 527 3705 ’
582 3695 718 3762 post
746 3686 1084 3744 Solomonis
1109 3704 1251 3763 opes
1279 3684 1522 3741 libertas
1546 3682 1704 3740 facta
1729 3682 1977 3760 rapinis,

410 3783 542 3851 450
583 3806 695 3844 nec
719 3807 856 3866 pars
884 3788 1011 3845 ulla
1035 3787 1152 3845 fuit
1180 3787 1327 3845 belli
1357 3806 1563 3846 secura
1591 3785 1864 3863 maligni.

586 3900 785 3968 raptor
809 3891 1033 3970 ubique
1063 3891 1266 3949 furens
1295 3890 1472 3949 urbes
1500 3886 1809 3948 succendit
1836 3896 1895 3945 et
1925 3902 2135 3963 agr083

583 4012 695 4051 nec
724 4013 897 4072 seges
927 4004 1029 4051 aut
1056 3994 1265 4069 arbor,
1310 3994 1564 4073 flagrans
1597 4011 1751 4074 quae
1783 3992 2036 4050 solvitur
2061 3989 2225 4065 igne,

414 4207 521 4264 425
556 4208 731 4264 latesis
755 4213 806 4265 Τ
935 4210 1039 4268 428
1073 4211 1327 4267 cunctarit
1353 4213 1404 4265 Τ
1533 4212 1638 4266 430
1669 4209 1830 4264 minas
1852 4226 1952 4262 uon
1976 4211 2177 4279 presset
2201 4205 2252 4258 Τ
2380 4205 2483 4259 432
2516 4204 2612 4256 fiu-

416 4279 628 4359 gjtque]
669 4281 943 4350 fugamque
967 4285 1042 4346 Τ,
1075 4283 1292 4336 clamore
1320 4282 1379 4335 M
1553 4281 1656 4335 434
1689 4281 1956 4333 miscentes
1979 4278 2122 4349 apud
2149 4277 2208 4328 M
2380 4274 2481 4326 435
2517 4291 2612 4324 nec

417 4353 591 4399 ton-san
640 4351 690 4400 Τ
889 4350 995 4405 437
1038 4361 1222 4421 tun-que
1269 4353 1346 4422 T,
1403 4351 1578 4405 turbat
1622 4367 1756 4419 quae
1799 4351 1859 4403 M
1951 4360 1958 4361 ’
2062 4347 2162 4402 439
2206 4344 2315 4414 3P⁵⁰
2366 4342 2509 4411 ‘²1²¹‘d
2553 4342 2617 4396 Μ

416 4417 521 4469 448
565 4418 761 4488 pariter
782 4419 844 4474 M
856 4459 873 4488 ,
910 4437 1105 4494 pauper
1130 4424 1193 4475 Τ.
