3210 5200
905 471 1019 544 DE
1043 475 1495 546 'LAUDIBUS
1529 474 1864 548 IUSTINL
2318 474 2466 550 417

297 642 596 703 neec-eut}
624 639 1377 700 idonconcendaeFalemiae.
1465 643 1552 700 Μ.
1581 643 1766 701 Varro
1801 640 1889 700 rei
1929 643 2246 704 rust-12³
2304 643 2471 721 quod

277 729 401 809 sar
437 728 780 806 conseratur
829 726 1160 803 Campano,
1216 726 1381 804 quod
1413 727 1675 785 m’ticum
1708 723 1992 804 Appulo,
2056 724 2221 802 quod
2253 729 2464 786 vinum

296 813 580 883 Falerno,
623 810 788 889 quod
809 809 1001 868 oleum
1036 810 1319 889 Venafro.
1406 813 1581 869 Mart.
1617 809 1657 873 5
1685 829 1781 889 ep·
1810 809 1925 883 65,
1961 808 2142 869 -ovid.
2172 807 2246 867 de
2269 813 2464 871 Ponto
2566 840 2575 847 ·

294 896 338 982 .4
364 902 426 971 2,
472 906 532 954 et
562 896 665 953 alii
695 897 940 974 passim.
1011 904 1072 953 et
1091 896 1315 956 mentio
1343 895 1469 954 eius
1495 893 1656 974 apud
1684 895 2027 953 Labeonem
2053 895 2130 952 lc
2150 894 2258 953 lib.
2292 899 2369 959 17
2394 894 2461 954 ff.

295 958 374 1039 ¹de
397 1000 535 1038 ann.
558 980 740 1058 legat.
770 978 877 1037 sed
901 989 1102 1038 tamen
1136 981 1275 1059 quia
1303 999 1424 1038 non
1458 981 1732 1039 convenit
1755 981 1820 1036 in
1842 976 2002 1036 huno
2028 979 2258 1053 locum,
2318 998 2464 1038 cen-

296 1067 393 1124 sui
419 1063 740 1142 legendum
765 1065 988 1142 Iqaeo.
1034 1067 1313 1124 Dsursr.
1396 1084 1518 1122 non
1544 1065 1736 1122 tenuit
1746 1066 2133 1141 Dempsterus
2162 1083 2296 1122 eam
2322 1063 2466 1144 [qua

295 1169 356 1208 v.
383 1151 463 1213 96
495 1150 809 1227 excelluit]
853 1147 1297 1223 dexteritatem,
1359 1167 1495 1207 cum
1525 1151 1796 1228 Lyaeum
1819 1148 2070 1207 Falerno
2106 1148 2464 1207 substituere

295 1235 532 1308 nititur,
594 1236 833 1313 ignarus
863 1234 1084 1292 scilicet
1110 1234 1427 1291 Falernum
1454 1251 1630 1292 omne
1662 1234 2003 1310 generosius
2035 1234 2243 1292 vinum
2271 1236 2464 1310 poetis

297 1315 447 1393 dici,
503 1321 642 1377 licet
683 1319 930 1376 minime
965 1320 1028 1375 in
1071 1336 1213 1396 agro
1241 1319 1493 1376 Falerno
1535 1327 1764 1376 natum.
1847 1334 2045 1396 neque
2090 1315 2242 1376 vidit
2279 1315 2462 1377 homo

295 1400 503 1462 doctus
539 1412 599 1460 et
638 1405 954 1482 perspicax
992 1404 1264 1482 sequenti
1308 1422 1482 1460 versu
1529 1400 1784 1460 eandem
1835 1420 2042 1460 vocem
2090 1402 2298 1480 repeti.
2384 1401 2463 1461 de

293 1488 529 1545 Falerni
558 1489 886 1546 mutatione
919 1497 955 1544 a
982 1487 1413 1546 transvectione
1447 1487 1777 1566 longinqua
1801 1486 2035 1564 Cpolim
2074 1486 2317 1566 insuper
2345 1484 2461 1544 ha-

291 1570 557 1630 bendum
589 1582 711 1631 est.
695 1588 712 1604 ·
755 1591 899 1629 nam
936 1591 1006 1629 ea
1035 1572 1259 1630 ratione
1286 1572 1561 1630 omnibus
1589 1573 1772 1629 etiam
1804 1571 2119 1648 cisalpinis
2141 1572 2473 1630 Falernum

293 1675 402 1735 pro
431 1675 717 1735 generoso
741 1659 882 1715 vino
908 1675 1188 1734 usurpare
1214 1654 1592 1714 interdictum
1612 1656 1784 1714 foret.
1866 1658 2115 1714 ΒΑιιτιι.

458 1743 560 1802 99.
645 1740 819 1819 alba]
854 1739 1148 1821 quaedam
1174 1742 1335 1797 enim
1356 1742 1497 1798 vina
1520 1740 1675 1815 alba,
1720 1737 2015 1820 quaedam
2039 1741 2227 1818 nigra,
2271 1759 2478 1821 quae-

296 1820 440 1882 dam
468 1825 639 1882 flava.
722 1823 940 1884 Athen.
979 1827 1013 1887 1
1045 1826 1175 1889 80.
1229 1827 1511 1883 Drnrsr.

464 1910 604 1972 100
672 1908 858 1987 fulvo
879 1909 1180 1966 Rhattica
1210 1911 1372 1988 vina]
1416 1911 1480 1966 in
1502 1927 1596 1967 ms
1619 1918 1743 1968 est.
1765 1906 2042 1987 sulvoris
2070 1907 2284 1964 Attica
2315 1911 2464 1967 vina

295 1993 554 2051 metallo.
646 1992 808 2073 quod
860 2013 970 2051 nec
1023 2003 1175 2051 stare
1215 1994 1339 2052 ullo
1380 1991 1561 2052 modo
1597 2001 1821 2070 potest,
1888 2012 2000 2050 nec
2056 1990 2457 2067 emendatum,
2563 2003 2570 2009 '

295 2075 800 2158 quemadmodum
823 2077 901 2135 ad
927 2080 1255 2155 marginem
1283 2078 1495 2151 fuerat,
1525 2078 1670 2136 satis
1690 2077 1862 2136 nobis
1887 2078 2142 2156 placuit:
2187 2077 2271 2135 sio
2296 2079 2460 2135 enim

293 2172 419 2220 est:
460 2162 670 2220 Attica
674 2164 868 2241 fusca
892 2160 1396 2239 dabantsulgenti
1414 2163 1558 2218 vina
1586 2160 1846 2219 metallo.
1936 2159 2123 2222 sedet
2145 2158 2287 2218 huic
2314 2182 2472 2240 pro-⁷

291 2248 528 2304 ximum
563 2266 801 2304 carmen
832 2247 1043 2303 vitiose
1068 2247 1192 2322 legi
1215 2247 1639 2318 existimarem,
1682 2255 2077 2324 naturamque
2092 2244 2181 2302 ibi
2202 2264 2312 2323 pro
2338 2247 2456 2303 ali·-

295 2349 415 2410 quo
444 2331 560 2386 loci
592 2332 710 2388 alio
741 2330 979 2386 nomine
1008 2331 1338 2405 ignorantia
1374 2331 1561 2408 ipsius
1604 2330 1826 2387 librarii
1855 2331 2225 2409 suppositum
2246 2329 2453 2406 fuisse,

292 2415 411 2471 nisi
442 2415 562 2470 iam
596 2413 1013 2492 subsequentia
1040 2413 1257 2492 liquidi
1283 2432 1405 2471 non
1426 2412 1639 2492 indiga
1670 2413 1866 2471 mellis
1890 2431 2012 2473 non
2040 2413 2119 2472 ad
2145 2425 2454 2486 noueram,

294 2496 403 2557 sed
427 2499 624 2575 potius
650 2496 727 2555 ad
749 2499 1080 2575 superiora,
1135 2498 1279 2556 vina
1321 2498 1578 2572 scilicet,
1637 2495 1946 2557 referenda
1978 2500 2095 2557 sint
2114 2543 2130 2572 ,
2187 2517 2340 2579 quae
2367 2500 2468 2562 ita

295 2580 492 2641 dulcia
530 2581 724 2641 forent
758 2583 1039 2640 ut·melle
1077 2579 1153 2640 ad
1179 2580 1246 2639 id
1269 2600 1645 2663 nequaquam
1669 2581 2020 2660 indigerent.
2063 2584 2246 2643 Rmz.
2333 2585 2455 2642 Ri-

293 2668 539 2745 saffica]
586 2664 747 2747 quod
774 2665 889 2725 hoo
919 2686 1106 2745 genus
1127 2667 1251 2725 vini
1266 2710 1284 2742 ,
1315 2687 1439 2745 -ego
1465 2667 1658 2725 fateor
1678 2686 1779 2725 me
1801 2670 2093 2745 ignorare.
2175 2687 2319 2727 nam
2340 2687 2452 2727 nec

293 2753 557 2826 Plinius,
615 2753 718 2832 qui
742 2752 948 2810 Italica
985 2761 1044 2809 et
1067 2755 1467 2809 transmarina.
1483 2752 1623 2809 vina
1654 2753 1961 2830 sigillatim
1981 2763 2283 2827 nmnerat,
2338 2773 2451 2811 nec
2479 2806 2486 2818 ,

289 2836 608 2913 Virgilius,
666 2855 778 2892 nec
799 2836 1058 2894 macrob.
1082 2835 1317 2895 Saturn.
1345 2838 1383 2897 3
1410 2836 1555 2910 ult.,
1613 2838 1716 2915 qui
1743 2846 2120 2913 susceperant
2154 2839 2463 2909 recensio·-⁴

291 2938 436 2977 nem
462 2922 671 2977 vitium
696 2940 774 2978 ex
801 2921 1085 2998 professo.
1156 2928 1332 2999 atque
1358 2921 1586 2977 utinam
1613 2918 1767 2978 mihi
1797 2929 1899 2978 aut
1926 2930 2161 2999 tempus
2189 2932 2291 2979 aut
2313 2922 2450 2980 libri

292 3002 372 3062 ad
397 3022 642 3062 manum
667 3001 895 3063 essent'
939 3002 1044 3063 sed
1072 3022 1243 3081 spero
1268 3005 1533 3062 futurum
1557 3014 1624 3062 ut
1653 3006 1866 3085 anquis
1885 3022 2140 3082 magnus
2159 3007 2225 3063 in
2246 3003 2451 3065 docto-

291 3098 425 3146 mm
455 3086 632 3147 choro
661 3108 697 3146 a
722 3109 818 3146 me
844 3089 1046 3147 relicta
1070 3090 1146 3147 sit
1170 3087 1587 3167 explicaturus.
1676 3099 1734 3147 et
1764 3099 1919 3147 certe
1950 3090 2078 3146 fieri
2107 3108 2230 3146 non
2255 3099 2458 3167 potest,

291 3183 359 3230 ut
388 3192 510 3231 non
538 3175 613 3231 sit
644 3171 966 3231 mendum.
1023 3171 1293 3230 viderat
1274 3193 1338 3229 m
1360 3191 1454 3231 ms
1485 3172 1687 3231 codice
1715 3175 2066 3251 Assagrius.
2108 3173 2300 3250 fusca
2336 3174 2451 3231 da—

294 3255 716 3335 bantsulvoris
738 3258 950 3315 Attica
976 3259 1119 3314 vina
1145 3255 1404 3313 metallo.
1495 3267 1553 3314 et
1579 3260 1667 3315 sic
1690 3260 1919 3335 putavit
1943 3256 2284 3336 legendum,
2326 3277 2450 3316 non

291 3342 472 3414 male,
513 3343 724 3397 Attica
747 3340 938 3419 fusca
975 3340 1205 3399 dabant
1225 3340 1508 3418 fulgenti
1539 3342 1686 3397 vina
1711 3341 1970 3398 metallo.
2060 3342 2218 3400 claro
2245 3361 2445 3416 sensu,

292 3422 402 3482 sed
436 3425 620 3482 nimia
657 3425 1109 3503 transpositione
1154 3423 1497 3497 verborum,
1564 3434 1627 3480 et
1669 3434 1735 3481 ut
1778 3434 2048 3503 apparet,
2107 3427 2370 3484 alienum
2408 3442 2448 3484 a

291 3508 879 3650 mmm
893 3508 1787 3652 ..ῖῗιιίῗῒὶῗζίξῖωἷὲῖξὲἑ
1830 3506 2447 3669 ω”ἱῗιξῖἷὲἐῗξῖ

290 3674 689 3735 eruditissimo
714 3678 1060 3755 Dempstero
1091 3678 1397 3756 scrupulus
1431 3674 1784 3735 eximendus
1799 3720 1816 3752 ,
1875 3678 1979 3757 qui
2007 3694 2305 3756 nusquam
2330 3674 2448 3737 hoc

288 3780 478 3840 genus
500 3762 624 3818 vini
651 3760 1023 3820 observatum
1052 3764 1336 3843 queritur.
1415 3762 1482 3819 in
1518 3761 1816 3821 Glossario
1846 3762 2254 3821 Graecolatino
2291 3763 2444 3841 legis

282 3841 673 3925 χρυσαπικόν
696 3845 1132 3924 chrysatticum.
1181 3844 1340 3926 quod
1367 3863 1508 3903 sane
1539 3842 1615 3904 de
1644 3843 1757 3905 hoc
1780 3844 2255 3924 intelligendum.
2296 3848 2444 3906 Ale-

285 3927 519 3987 xander
538 3931 876 3989 Trallianus
901 3931 1009 3990 lib.
1047 3936 1119 3994 11
1157 3929 1231 3988 de
1258 3929 1689 3990 medicamento
1731 3950 1811 3989 ex
1834 3949 2046 4010 myuro
2075 3927 2295 3990 herba.
2339 3930 2446 3994 καὶ

287 4012 463 4074 δίδου
494 4008 637 4090 μετὰ
667 4009 1098 4093 οἶνομὲλιτος”
1050 4039 1093 4095 η
1122 4018 1510 4095 zovenano&
1532 4017 1742 4078 καλοῦ.
1824 4013 1984 4073 unde
2034 4011 2442 4075 dulcissimum

287 4097 415 4155 vini
443 4114 631 4173 genus
654 4097 839 4156 {uisse
869 4096 1080 4159 discas.
1160 4100 1389 4157 Plinius
1414 4099 1761 4159 Valerianus
1798 4100 1839 4164 5
1872 4104 1945 4165 8.
1997 4100 2206 4158 visum
2242 4112 2444 4158 autem

290 4178 512 4236 bonum
537 4190 621 4237 est
645 4180 789 4238 dare
814 4181 1255 4262 chrysattieum,
1296 4194 1351 4240 et
1374 4182 1485 4242 hoc
1508 4184 1754 4243 modice
1843 4181 2005 4243 idem
2034 4201 2085 4242 c·
2117 4187 2191 4246 9’
2233 4187 2442 4242 νίηιιηι

288 4266 347 4322 si
372 4262 667 4321 voluerint
690 4263 909 4338 bibere,
951 4268 1417 4346 ehrymtticum
1390 4269 1467 4326 u'e
1494 4268 1687 4327 dabie.
1733 4278 1879 4347 puto
1900 4271 2208 4328 misturam
2234 4267 2440 4325 fuisse·
2475 4300 2480 4305 ·

286 4349 535 4406 Bana-n.
618 4351 875 4427 ingenue
899 4354 1023 4431 agit
1046 4354 1448 4432 Dempsterus,
1488 4372 1626 4411 cum
1650 4355 1790 4411 vina
1816 4354 2098 4413 Risattica
2120 4371 2249 4410 non
2262 4370 2452 4410 nosse-

287 4452 419 4493 sese
443 4430 783 4494 confitetur:
824 4453 949 4495 nos
959 4439 1352 4515 superioribus
1384 4439 1819 4499 commentariis
1843 4455 1923 4498 ex
1954 4435 2286 4497 auctoribus
2321 4433 2439 4494 fide
