3210 5200
991 397 1106 464 DE
1153 395 1563 467 LAUDIBUS
1612 394 1946 469 rustum.
2401 403 2546 476 317

378 572 613 651 hymnis
650 570 951 628 continuet
984 565 1138 638 dies,
1196 582 1305 625 nee
1337 584 1454 624 nox
1483 563 1617 624 ulla
1643 576 1814 625 vacet
1840 568 1986 647 quin
2013 567 2319 626 dominum
2343 582 2548 644 canat,

374 666 608 737 pugnet
637 664 844 712 contra
871 653 1166 722 haereses,
1215 649 1587 710 catholicam
1611 651 2119 727 diecutiatfidem.
2181 654 2427 713 Bau-m.

541 738 647 804 25.
734 740 922 797 Petri.
982 740 1076 795 vir
1105 736 1406 815 eloquens,
1451 744 1510 795 et
1534 736 1710 795 rebus
1736 738 2191 812 versatissimus,
2235 736 2314 797 ad
2339 736 2549 798 Theo-

377 824 584 886 datum
624 842 661 882 a
694 825 1025 882 Iustiniano
1063 822 1292 899 legatus
1334 838 1489 879 anno
1525 839 1561 879 a
1593 831 1772 900 partu
1808 822 2113 883 salutifero
2135 865 2152 897 ‚
2209 832 2276 880 ut
2303 824 2552 903 quibus-

380 910 521 971 dam
565 909 798 987 placet,
854 907 1000 970 536.
1082 908 1332 984 Procop.
1373 904 1520 963 belli
1572 903 1755 965 Goth.
1800 910 1858 970 1.
1940 926 2052 966 nec
2097 906 2348 965 dubium
2406 909 2549 988 quin

377 995 542 1081 idem
566 997 645 1051 sit
680 994 845 1052 cuius
877 991 1152 1049 meminit
1179 986 1562 1049 Cassiodorus
1596 994 1674 1054 10
1702 1011 1799 1070 ep.
1839 993 1914 1054 19
1957 1002 2017 1050 et
2042 989 2125 1055 24
2143 1036 2160 1066 ‚
2223 988 2549 1071 Antholog.

377 1082 418 1144 4
453 1082 487 1143 1
519 1084 559 1143 7
575 1122 593 1153 ,
638 1088 698 1136 et
724 1078 868 1136 alibi
898 1096 1094 1155 saepe.
1138 1076 1415 1135 Demsr.
1498 1094 1678 1134 nemo
1703 1077 1855 1134 alius
1884 1086 1973 1135 est
1999 1097 2296 1135 successor
2331 1078 2551 1136 redivi·-

379 1183 575 1245 mque
593 1163 796 1242 gloria
819 1163 988 1220 Petri
1014 1178 1196 1240 quam
1218 1157 1573 1218 Theodorus
1587 1203 1607 1236 ‚
1664 1163 1832 1221 cuius
1865 1180 2085 1220 nomen
2117 1181 2151 1219 a
2176 1164 2383 1221 Ruizio
2418 1182 2547 1221 cor-

381 1259 620 1328 ruptmu
645 1248 874 1307 restitui
901 1264 982 1303 ex
1007 1241 1335 1303 Menandro
1362 1246 1426 1302 in
1453 1246 1789 1324 Excerptis.
1876 1266 2050 1325 porro
2075 1245 2404 1305 Menander
2428 1266 2552 1306 non

378 1332 557 1393 modo
588 1335 858 1393 certiores
884 1349 996 1389 nos
1026 1329 1170 1388 facit
1198 1329 1380 1387 fuisse
1405 1330 1580 1387 illum
1601 1332 1764 1389 Petri
1791 1328 2001 1406 filium,
2026 1330 2135 1390 sed
2160 1328 2339 1390 etiam
2364 1332 2550 1390 fuisse

379 1420 488 1479 sub
518 1420 738 1477 Iustino
767 1417 1120 1493 magistrum
1148 1412 1513 1473 officiorum:
1556 1433 1742 1492 agens
1771 1417 1932 1473 enim
1957 1415 2032 1474 de
2058 1415 2271 1495 legatis
2295 1436 2331 1476 a
2357 1417 2547 1476 Tibe-

382 1507 466 1563 rio
490 1504 700 1562 Iustini
726 1519 1059 1561 successore
1083 1497 1163 1556 ad
1192 1495 1666 1558 constituendam
1699 1519 1836 1559 cum
1863 1501 2076 1580 legatis
2108 1503 2422 1560 Persarum
2448 1521 2547 1560 re·-

382 1592 472 1669 gis
500 1585 793 1647 chosroae
827 1604 1039 1665 pacem
1067 1584 1298 1660 missis,
1353 1581 1505 1643 haec
1530 1580 1741 1645 habet:
1782 1584 2047 1665 suerunt
2077 1588 2185 1665 qui
2212 1589 2379 1644 missi
2406 1597 2548 1645 sunt

381 1695 424 1732 a
448 1674 766 1743 Romani-s,
819 1669 1154 1729 Theodorus
1184 1670 1356 1727 Petri
1363 1668 1571 1744 filius,
1631 1670 1741 1749 qui
1759 1671 1941 1748 prius
1985 1671 2224 1751 quidem
2264 1675 2547 1752 magister

383 1758 706 1837 officiorum
717 1756 959 1837 suerat,
999 1765 1126 1814 tum
1151 1773 1286 1812 vero
1315 1774 1506 1813 comes·
1528 1764 1658 1812 erat
1681 1754 2067 1835 largitionum
2097 1767 2211 1815 etc.
2251 1757 2450 1817 Fooe.

552 1841 633 1900 ib.
721 1861 814 1901 ms
836 1839 1210 1920 recidivaque
1246 1840 1313 1898 in
1357 1859 1481 1899 mss
1528 1840 1691 1897 enim
1719 1841 1941 1919 passim
1972 1838 2412 1901 confunduntur
2436 1861 2544 1903 vo·-

385 1949 484 1990 ces
509 1928 808 1987 redivivus
835 1937 894 1985 et
919 1925 1230 1985 recisum.
1319 1923 1459 1984 vide
1481 1924 1637 1983 infra
1670 1922 1749 1983 ad
1776 1944 1834 1984 v.
1859 1927 2004 1989 850.
2085 1927 2285 1988 Foco.

551 2017 651 2078 26.
747 2011 1109 2091 ἸῚιεοᾶονιω]
1153 2013 1238 2069 ita
1269 2010 1534 2086 restitui,
1594 2029 1733 2070 cum
1776 2020 1951 2069 antea
1989 2022 2145 2071 esset
2193 2011 2550 2084 mandatus,

386 2101 490 2181 qui
515 2109 714 2157 tamen
738 2116 1055 2179 nusquam,
1100 2094 1262 2178 quod
1285 2098 1489 2172 sciam,
1531 2096 1752 2175 legitur
1778 2095 1841 2155 in
1865 2092 2159 2156 historicis
2181 2094 2360 2156 huius
2386 2100 2551 2157 aevi:

385 2195 447 2243 at
487 2184 850 2243 modorum
888 2191 1278 2261 cognomento
1319 2181 1692 2240 silentiorum
1734 2180 2103 2240 decurionem
2127 2181 2355 2261 palatii
2380 2183 2555 2241 inve-

382 2271 482 2329 nio
499 2314 516 2344 ‚
577 2279 635 2328 et
663 2272 748 2333 27
785 2287 940 2325 anno
964 2268 1277 2326 Iustiniani
1315 2267 1389 2325 ab
1433 2263 1648 2325 eodem
1680 2264 1759 2324 ad
1782 2268 2054 2347 quintam
2080 2264 2392 2346 Synodum
2417 2285 2555 2326 cum

383 2354 596 2412 libello
635 2353 907 2410 missum.
992 2371 1086 2410 res
1126 2370 1264 2430 ergo
1313 2361 1370 2411 et
1417 2361 1579 2410 aetas
1622 2348 1774 2409 mihi
1813 2349 2192 2431 persuadent.
2275 2352 2554 2415 Dsnrsr.

400 2436 736 2497 leeodulm
764 2433 1160 2512 scribendum,
1202 2454 1323 2495 non
1362 2435 1711 2495 neodolus.
1769 2438 1885 2495 nisi
1911 2438 2109 2496 verius
2129 2446 2333 2494 tamen
2367 2437 2558 2495 ἸῚιεο-

386 2523 592 2595 dorus,
635 2517 798 2603 quod
821 2523 1126 2602 interpreti
1154 2521 1380 2603 visum,
1424 2523 1520 2581 cui
1548 2540 1668 2604 quo
1699 2523 1892 2600 magis
1923 2522 2237 2597 assentiar,
2280 2521 2422 2581 facit
2456 2524 2557 2580 Io-

386 2607 617 2668 hannes
642 2608 1019 2667 Biclariensis
1060 2608 1126 2664 in
1148 2604 1469 2683 Chronico,
1531 2605 1695 2688 quod
1730 2627 1867 2666 cum
1891 2608 2126 2667 Victore
2160 2607 2557 2667 Tunnunensi

389 2692 577 2753 edidit
590 2694 881 2767 canisius,
910 2693 1017 2772 qui
1041 2695 1080 2755 3
1109 2711 1265 2751 anno
1291 2693 1522 2767 Iustini,
1550 2692 1926 2752 Praefectum
1937 2693 2325 2752 Mauritaniae
2346 2689 2556 2754 Theo-

253 2839 270 2857 Ι
388 2776 603 2838 dorum
629 2798 665 2836 a
689 2778 912 2836 Mauris
942 2795 1182 2836 caesum
1203 2786 1390 2836 notat.
1473 2780 1724 2838 BAarn.

552 2868 656 2928 27.
741 2859 843 2921 hic
868 2863 1203 2921 Demetrius
1242 2862 1394 2922 forte
1423 2863 1528 2921 ille
1560 2866 1667 2945 qui
1705 2882 1741 2922 a
1764 2865 2088 2927 Iustiniano
2119 2861 2198 2925 ad
2229 2860 2558 2924 Iohannem

386 2967 606 3030 papam
628 2948 860 3027 legatus
876 2991 894 3022 ‚
959 2956 1020 3006 et
1043 2947 1343 3027 palatinae
1370 2949 1543 3007 aulae
1569 2953 1915 3011 secretarius
1942 2955 2069 3012 sive
2103 2948 2428 3035 λογοθὲῡης
2455 2957 2559 3007 aut

386 3044 684 3115 quaestor.
768 3035 902 3113 quis
925 3043 1061 3113 post
1087 3051 1374 3111 magnum
1391 3035 1728 3094 Marcilium
1752 3033 1953 3096 dicat?
1998 3056 2179 3118 quem
2209 3036 2451 3097 consule
2479 3032 2560 3092 ad

385 3123 597 3181 Titum
625 3118 918 3179 Suetonii.
1001 3115 1102 3177 adi
1131 3128 1190 3179 et
1213 3118 1518 3180 Saresber.
1547 3126 1588 3186 8
1625 3124 1726 3186 12.
1812 3124 2199 3202 curopolataz
2241 3136 2560 3202 πρωταση·

385 3208 593 3287 κρῆτις
636 3207 874 3285 nouis-oc
910 3206 1034 3267 πᾶν
1075 3206 1296 3286 κριταῗν
1335 3201 1579 3286 λέγεται.
1662 3216 1919 3265 tractum
1959 3226 2182 3265 nomen
2228 3225 2272 3265 a
2298 3205 2558 3274 secretis,

386 3289 456 3348 id
481 3299 571 3348 est
598 3286 846 3368 quilibet
865 3308 1121 3348 secessus
1144 3287 1499 3347 reconditus.
1586 3286 1817 3349 Phaed.
1845 3294 1888 3354 2
1916 3289 2000 3354 49
2026 3294 2130 3355 82.
2212 3291 2315 3350 vel
2344 3291 2560 3348 intima

392 3373 729 3446 conclavia,
785 3373 889 3432 ubi
913 3370 988 3431 de
1012 3373 1189 3432 rebus
1214 3374 1500 3431 maximis
1515 3415 1534 3448 ‚
1589 3376 1833 3433 remotis
1865 3374 2097 3434 arbitris
2111 3419 2129 3452 ‚
2189 3373 2562 3435 deliberaba-

390 3469 510 3517 tur.
593 3461 819 3517 Zenon.
842 3460 1001 3536 Aug.
1024 3458 1134 3517 lib.
1161 3458 1237 3520 13
1271 3476 1323 3516 c.
1355 3454 1428 3515 de
1466 3456 1665 3516 testib.
1703 3468 1763 3516 et
1805 3462 2118 3517 secretariis
2148 3461 2377 3518 iudicia
2403 3455 2566 3537 apud

391 3545 468 3615 lc
497 3545 758 3622 passim,
812 3553 874 3602 et
911 3543 1136 3602 iudices
1176 3543 1477 3600 secretarii
1514 3542 1625 3600 lib.
1657 3546 1697 3606 8
1729 3562 1782 3600 c.
1823 3543 1930 3600 ubi
1958 3553 2145 3601 senat.
2165 3587 2183 3618 ‚
2244 3555 2305 3603 et
2335 3542 2564 3600 clariss.

392 3630 555 3688 civil.
584 3628 683 3687 vel
715 3628 880 3686 crim.
913 3646 1106 3702 conv„
1149 3627 1274 3687 etl.
1301 3628 1413 3686 ult.
1446 3646 1499 3685 c.
1538 3624 1614 3685 de
1644 3625 1800 3686 offic.
1827 3625 2043 3687 divers.
2071 3626 2256 3688 iudic.
2319 3627 2564 3706 elegan-

390 3723 483 3772 ter
507 3733 544 3771 a
570 3713 955 3772 Constantino
990 3710 1216 3771 dictum
1231 3756 1250 3789 ,
1307 3732 1428 3771 non
1455 3714 1536 3771 sit
1556 3711 1768 3771 venale
1800 3711 2019 3770 iudicis·
2044 3711 2270 3784 velum,
2310 3731 2431 3771 non
2464 3712 2563 3768 in-

387 3819 627 3879 gressus
653 3797 967 3876 redempti,
1008 3817 1128 3856 non
1152 3799 1382 3878 infame
1410 3796 1835 3857 licitationibus
1854 3797 2259 3870 secretarium,
2303 3796 2413 3856 lib.
2445 3798 2481 3859 1
2507 3816 2562 3857 c.

390 3881 701 3943 Theodos.
741 3881 818 3943 de
855 3882 1012 3944 offic.
1048 3892 1189 3946 rect.
1219 3883 1485 3963 provinc.
1516 3884 1622 3943 alii
1647 3893 1945 3943 notarunt.
1985 3885 2268 3943 Dansr.
2349 3883 2564 3941 lacuna

395 3964 496 4026 hio
522 3968 715 4026 fuerat
737 3969 917 4029 unius
940 3968 1073 4030 folii
1090 4011 1110 4044 ‚
1160 3966 1240 4026 ad
1266 3987 1449 4049 quam
1489 3966 1849 4049 explendam
1882 3965 2167 4028 Erichtho
2201 3987 2408 4027 manes
2441 3968 2561 4027 Co-

398 4053 529 4192 3¹2⁹
528 4052 1668 4218 {.3¹d3222„2⁰23¹;3:2b523022332¹:s
1677 4056 1857 4220 ¹32¹:ss
1862 4054 2340 4219 &essii-¹1¹1?
2344 4071 2561 4215 ’21:332‘

632 4179 649 4211 ‚
2519 4170 2555 4183 -

399 4221 559 4278 rium
596 4221 808 4279 lustini
846 4231 908 4279 et
934 4234 1188 4282 mortem
1207 4226 1546 4299 Iustiniani,
1601 4234 1672 4282 ut
1708 4226 1886 4283 facile
1928 4236 2170 4304 apparet
2201 4243 2285 4283 ex
2325 4222 2554 4281 somnio

397 4304 528 4383 ipso
546 4348 563 4379 ,
624 4305 792 4363 ouius
816 4324 1031 4364 manca
1052 4310 1309 4368 narratio
1334 4317 1531 4371 restat.
1612 4310 1883 4389 ineptum
1912 4328 2053 4389 ergo
2069 4354 2087 4386 ,
2145 4307 2306 4391 quod
2329 4305 2555 4364 censuit

283 4401 297 4414 ⁵
395 4390 559 4449 Elias
581 4386 918 4470 Putschius,
960 4392 1142 4453 inseri
1166 4391 1381 4454 debere
1405 4394 1804 4476 fragmentum
1830 4392 1993 4477 quod
2022 4396 2243 4457 libellis
2270 4388 2553 4475 praemit-
