3210 5200
864 416 954 482 IN
1001 410 1530 482 IOHANNIDOS
1577 410 1679 478 lv
1727 409 2031 477 NOTAE.
2401 411 2551 482 269

521 592 665 655 900.
756 584 923 662 Virg.
958 583 1113 640 Aen.
1155 580 1196 645 4
1221 578 1339 645 64:
1388 579 1686 656 spirantia
1717 577 1973 635 consulit
1998 586 2151 634 exta.
2195 613 2200 618 ·

523 677 670 739 901.
764 688 1047 727 conversa
1078 665 1322 744 cuspide
1349 666 1511 742 Virg.
1541 665 1697 722 Aen.
1734 665 1764 724 1
1794 662 1897 725 85.

523 762 669 821 903.
763 754 1131 831 ὴ-αηεαᾱίἕίἰ
1160 753 1321 828 Virg.
1353 753 1509 808 A'en.
1542 751 1582 811 9
1613 747 1738 811 432
1767 757 1825 804 et
1862 751 1941 810 12
1972 750 2115 811 276.

528 841 675 909 905.
769 843 935 917 Virg.
983 841 1137 896 Aen.
1172 841 1211 899 6
1243 838 1401 902 880:
1461 854 1599 890 cum
1625 832 1811 909 pedes
1852 833 1965 887 iret
2006 833 2071 887 in
2108 831 2356 902 hostem,
2414 843 2474 891 et
2510 840 2551 900 7

359 923 519 991 624:
554 925 911 1006 parspedes
940 926 1025 980 ire
1038 931 1243 1000 parat.
2198 952 2202 956 -

530 1016 675 1076 910.
758 1031 877 1089 per
908 1009 1159 1066 vulnera
1193 1014 1403 1085 quater
1426 1001 1610 1060 habet
1640 1003 1922 1079 Virgilius
1953 1002 2018 1058 in
2044 1001 2251 1080 quinta
2282 998 2445 1058 sede.

532 1095 676 1160 915.
770 1095 978 1153 obvius
1004 1096 1087 1149 irc
1099 1102 1290 1168 parat
1314 1090 1479 1166 Virg.
1515 1089 1671 1145 Aen.
1710 1091 1787 1151 10
1821 1091 1965 1151 770.

532 1185 673 1244 918.
768 1180 995 1237 iniectis
1020 1178 1287 1253 undique
1314 1174 1445 1229 telis
1477 1175 1642 1250 Virg.
1676 1173 1831 1231 Aen.
1866 1174 1904 1233 9
1933 1174 2076 1234 807.

527 1269 669 1327 919.
760 1267 923 1341 Virg.
958 1264 1115 1320 Aen.
1150 1265 1189 1321 6
1233 1263 1382 1321 163:
1426 1258 1682 1335 indigna
1708 1267 1889 1313 morte
1914 1265 2315 1331 peremptum.

526 1349 668 1411 925.
762 1349 836 1407 de
862 1348 1031 1405 laud.
1065 1345 1106 1407 4
1137 1348 1260 1408 366
1287 1353 1532 1400 vocatur
1557 1343 1885 1418 encipotene
1911 1344 2162 1412 Narses3
2207 1338 2365 1395 unde
2392 1339 2553 1417 Fog-

359 1435 554 1513 ginius
586 1432 812 1491 ibidem
841 1432 1059 1491 adiecit
1088 1428 1243 1487 hanc
1272 1430 1567 1506 glossam:
1614 1446 1820 1502 nempe
1843 1424 2381 1503 protospatharius.
2431 1444 2554 1481 non

357 1519 748 1597 improbabile
792 1530 884 1577 est
928 1521 1110 1576 etiam
1149 1512 1483 1572 Iohannem
1524 1510 1638 1568 hao
1686 1510 1972 1588 dignitate
2015 1508 2301 1568 donatum
2326 1511 2551 1583 fuisse3

361 1603 468 1663 sed
493 1605 895 1676 For-collinus,
969 1604 1073 1681 qui
1115 1598 1193 1656 ad
1236 1596 1488 1656 eandem
1538 1616 1751 1654 vocem
1786 1597 2107 1673 Corippum
2148 1594 2345 1652 solum
2388 1595 2548 1668 citat,

363 1708 498 1747 eam
526 1691 821 1769 explicat:
850 1688 1065 1767 sortis,
1107 1695 1410 1752 strenuus,
1455 1684 1563 1760 qui
1586 1701 1719 1738 ense
1740 1680 1927 1749 valet,
1971 1680 2193 1760 absque
2219 1680 2345 1737 ulla
2373 1697 2550 1736 men-

360 1778 524 1833 tione
585 1772 1071 1853 protospatharii.
1202 1771 1366 1846 Virg.
1429 1769 1583 1826 Aen.
1648 1768 1730 1830 12
1788 1767 1944 1829 6833
2043 1765 2239 1821 media
2299 1783 2550 1842 agmina

273 1871 280 1878 ’
361 1862 602 1937 rumpit.

531 1948 673 2009 928.
764 1955 881 2002 toto
913 1962 1153 2021 corpore
1187 1938 1473 2017 Virgilius
1510 1941 1584 2002 13
1628 1938 1858 1995 vicibus
1904 1933 2085 1994 habet
2131 1945 2247 1993 toto
2282 1955 2546 2012 corpore,

362 2051 658 2112 nusquam
681 2051 832 2089 novo
857 2048 1096 2107 corpore
1116 2049 1134 2083 .·
1182 2045 1321 2083 num
1344 2042 1602 2101 porpore
1631 2033 1718 2080 est
1744 2022 2127 2079 menifestum
2148 2018 2457 2078 mendum.

527 2120 669 2180 929.
761 2115 1078 2172 detruncat
1113 2112 1245 2171 Val.
1282 2111 1478 2166 Flaco.
1516 2113 1554 2172 3
1588 2107 1732 2172 146.
1827 2105 2094 2184 dactylus
2144 2116 2234 2163 est
2274 2104 2551 2163 Ariarith

360 2199 492 2276 hio,
535 2213 601 2260 ut
625 2220 803 2279 saepe
830 2198 995 2279 apud
1020 2197 1340 2275 Virgilium
1374 2196 1574 2250 ariete.
1671 2189 1745 2250 de
1775 2191 1881 2249 illo
1912 2201 2113 2249 autem
2140 2192 2382 2249 nomine
2412 2187 2550 2247 vide

361 2285 442 2343 ad
473 2287 513 2350 5
548 2287 691 2351 535.

533 2375 676 2434 930.
767 2371 991 2427 Lucan.
1024 2369 1063 2429 8
1091 2370 1246 2433 673:
1291 2364 1559 2423 nondum
1585 2364 1736 2419 artie
1764 2371 1893 2418 erat
1924 2373 2110 2438 caput
2133 2381 2268 2419 enee
2289 2372 2504 2419 rotare.

534 2452 805 2518 988-4.
895 2445 1163 2510 fortasse
1184 2470 1291 2530 pro
1320 2447 1573 2507 vocabat
1602 2444 1928 2526 legendum
1954 2458 2041 2504 est
2068 2448 2249 2504 etiam
2275 2444 2547 2503 sonabat.

365 2542 531 2618 Virg.
562 2542 716 2597 Aen.
749 2542 785 2602 9
815 2536 1096 2600 414—5:
1155 2556 1392 2593 vomens
1437 2533 1706 2591 calidum
1751 2532 1825 2589 de
1849 2543 2088 2609 pectore
2102 2530 2556 2610 flummfiigi-

366 2626 509 2696 due,
553 2636 607 2682 et
635 2625 829 2703 longis
859 2620 1221 2701 singultibus
1247 2620 1357 2677 ilia
1378 2620 1615 2697 pulsat.
1707 2628 1767 2675 et
1793 2616 1965 2678 ovid.
2000 2621 2207 2677 Amor.
2263 2622 2302 2682 3
2354 2620 2394 2680 9
2443 2622 2547 2681 12.

368 2731 589 2790 oraque
613 2708 885 2789 singultu
914 2709 1275 2764 concutiente
1298 2716 1533 2764 sonant.

442 2850 449 2857 ,
537 2797 680 2860 935.
771 2792 945 2851 haud
958 2791 1182 2870 procul
1204 2791 1342 2847 iruie
1372 2793 1535 2868 Virg.
1571 2790 1727 2848 Aen.
1761 2791 1801 2853 8
1834 2789 1976 2854 642.

536 2878 681 2944 944.
771 2879 1037 2957 sequitur
1063 2888 1207 2933 tunc
1233 2886 1421 2933 cetera
1434 2874 1629 2953 pubes
1658 2878 1820 2952 Virg.
1854 2876 2011 2933 Aen.
2049 2879 2090 2938 7
2121 2868 2266 2937 614.

534 2965 805 3028 947-8.
897 2961 1089 3020 adieci
1134 2962 1331 3019 media
1371 2959 1451 3019 ad
1484 2963 2006 3040 complementum*
2033 2977 2271 3033 verona,
2342 2957 2445 3036 qui
2490 2957 2555 3014 in

370 3047 572 3110 codice
601 3060 689 3108 est
714 3048 1135 3127 imperfectus3
1168 3058 1227 3105 et
1251 3046 1367 3106 hoc
1391 3046 1508 3104 feci
1535 3049 1881 3106 auctoritate
1913 3046 2099 3103 fultus
2130 3035 2366 3121 Virgilii
2388 3044 2545 3101 Aen.

373 3138 453 3200 12
478 3139 621 3208 688,
664 3136 768 3193 ubi
795 3136 1017 3211 legitur
1042 3132 1240 3191 media
1265 3134 1515 3211 agmina
1542 3134 1787 3209 rumpit.
1876 3132 2023 3189 item
2050 3149 2157 3209 pro
2189 3139 2411 3185 montes
2438 3146 2553 3205 po-,

370 3223 466 3278 sui
495 3222 706 3291 muris,
738 3222 879 3299 quia
905 3238 1085 3297 saepe
1109 3217 1276 3276 idem
1301 3219 1585 3295 Virgilius
1611 3219 1804 3295 iungit
1831 3217 2082 3294 agmina
2111 3223 2170 3271 et
2198 3223 2394 3271 caetra
2417 3231 2554 3270 cum

370 3306 582 3376 mur-2295
617 3315 684 3362 ut
712 3306 868 3363 Aen.
908 3304 946 3367 5
977 3302 1137 3367 805:
1180 3305 1534 3380 impingeret
1556 3304 1808 3380 agmina
1834 3303 2046 3371 mun'c,
2090 3309 2149 3358 et
2176 3300 2215 3362 8
2250 3301 2405 3361 800:
2437 3320 2556 3375 per

373 3408 572 3446 muros
598 3391 849 3468 agmina
874 3389 1066 3445 vertit.
1143 3390 1230 3447 sic
1258 3408 1367 3467 pro
1390 3388 1604 3445 caetris
1625 3388 1851 3444 faciunt
1873 3384 2143 3444 eiusdem
2171 3384 2312 3441 libri
2337 3404 2396 3441 v.
2429 3383 2510 3447 43
2532 3401 2552 3440 ε

375 3483 574 3530 castra
618 3474 786 3532 modo
828 3484 882 3530 et
926 3483 1080 3529 tutos
1115 3483 1419 3532 servarent
1459 3492 1679 3551 aggere
1706 3490 1932 3540 muros,
1977 3479 2036 3526 et
2071 3474 2147 3533 10
2180 3472 2335 3533 671:
2378 3466 2555 3525 Lau—

372 3567 638 3615 renteene
656 3562 868 3616 iterum
894 3578 1095 3615 muro-5
1120 3569 1231 3616 aut
1255 3568 1453 3616 caetra
1490 3554 1716 3615 videbo.

544 3644 813 3707 953-4.
901 3646 1069 3721 Virg.
1097 3644 1252 3702 Aen.
1296 3646 1373 3706 10
1414 3640 1569 3707 654:
1629 3651 1757 3698 tum
1798 3647 1981 3717 caput
2021 3641 2245 3695 orantis
2285 3636 2561 3696 deturbat

377 3737 590 3799 terrae,
635 3739 695 3786 et
735 3749 795 3787 v.
834 3726 992 3794 346:
1040 3738 1096 3786 et
1121 3728 1323 3807 rigida
1353 3729 1643 3805 Dryopen
1650 3726 1808 3805 serit
1840 3727 2067 3782 eminus
2099 3723 2299 3781 hasta.

542 3814 687 3878 956.
778 3814 941 3891 Virg.
975 3820 1131 3871 Aen.
1168 3813 1208 3877 4
1236 3817 1394 3877 620:
1438 3812 1751 3891 mediaque
1779 3811 2125 3869 inhumatus
2148 3827 2353 3866 arena.
2423 3819 2481 3867 et
2519 3808 2561 3873 5

374 3895 536 3960 423:
576 3900 773 3957 media
799 3900 1066 3957 consistit
1086 3918 1293 3956 arena.
2132 3930 2135 3934 Δ

545 3983 689 4045 956.
778 3984 1199 4063 dominamque
1230 3993 1495 4039 utentem
1520 3983 1686 4061 Virg.
1719 3972 1873 4040 Aen.
1921 3985 1995 4045 11
2025 3979 2168 4045 805.

546 4065 690 4130 958.
740 4089 1115 4146 purpuream
1143 4069 1412 4125 animam
1435 4070 1600 4147 Virg.
1638 4071 1794 4129 Aen.
1832 4070 1872 4130 9
1903 4065 2045 4131 849.
2096 4076 2156 4124 et
2184 4067 2264 4128 10
2290 4066 2562 4130 780—1=

383 4155 438 4201 et
468 4148 731 4208 calcibus
757 4162 956 4209 atram
982 4152 1183 4211 tundit
1209 4152 1461 4210 humum
1490 4155 1816 4230 exspirans.

549 4237 690 4297 960.
780 4238 1081 4295 invaserat
1111 4238 1302 4297 hostes
1331 4239 1493 4316 Virg.
1528 4242 1683 4296 Aen.
1719 4240 1759 4300 9
1790 4238 1932 4301 800.

549 4319 695 4381 977.
785 4320 1001 4399 infelix
1030 4323 1223 4381 alieno
1253 4324 1497 4382 vulnere
1522 4325 1688 4401 Virg.
1731 4322 1888 4380 Aen.
1932 4324 2012 4386 10
2037 4326 2185 4391 781.

549 4401 691 4465 994.
786 4405 1099 4464 succedam
1127 4413 1335 4466 caetris
1361 4411 1526 4488 Virg.
1560 4409 1716 4466 Aen.
1750 4410 1794 4471 8
1818 4406 1962 4470 507.
