3210 5200
1014 381 1543 449 lonfflumos
1592 381 1753 483 us.
1802 382 1951 449 vn.
2439 382 2574 452 151

560 560 720 608 sorte
758 546 953 624 dedit,
996 550 1388 608 Latias‘bello
1416 568 1698 628 superare
1727 541 2059 607 catervas.”

634 644 947 709 “Crastina
978 652 1131 710 festa
1162 650 1291 709 dies
1320 653 1541 731 populo
1564 649 1904 731 peragenda
1932 651 2148 708 Latino
2176 645 2330 726 est,”

392 752 517 818 255
560 754 786 832 excipit
813 754 1124 811 Autiliten.
1202 745 1545 812 “Romanus
1572 754 1800 832 proelia
1827 752 2003 810 miles

564 856 731 912 nulla
758 866 937 933 pavet
964 857 1172 913 solitus
1192 857 1394 913 sacris.
1479 866 1624 913 tunc
1653 874 1815 913 arma
1840 873 2085 912 movere

564 966 765 1015 nostra
792 958 952 1015 iube.
1037 959 1368 1036 incomptos
1395 958 1590 1015 subito
1620 976 1966 1036 rumpamus
1995 958 2057 1013 iu
2088 954 2310 1031 hostes,

568 1056 712 1116 dum
739 1057 938 1116 medio
964 1060 1116 1117 calet
1143 1058 1288 1117 hora
1322 1058 1450 1133 die,
1495 1057 1644 1117 dum
1669 1070 1878 1117 cuncta
1903 1057 2013 1117 sub
2041 1059 2268 1118 umbris

482 1182 494 1190 ·
566 1181 811 1240 corpora
845 1162 1000 1219 fessa
1031 1164 1256 1236 iacent,
1306 1164 1490 1219 nimio
1524 1163 1743 1220 lassata
1773 1162 1988 1219 calore.

397 1264 522 1326 260
562 1273 865 1341 praeterea
897 1267 1167 1341 geminas
1192 1274 1426 1321 tantum
1451 1263 1784 1321 rescindere
1808 1264 2002 1322 fossas

570 1375 660 1422 est
689 1368 921 1425 virtutis
951 1386 1120 1445 opus.
1208 1364 1342 1424 duri
1361 1350 1630 1446 ⁷primum
1657 1366 1784 1445 ipsiu
1814 1362 2096 1424 Iohannis

568 1478 757 1525 castra
788 1472 965 1543 time,
1012 1467 1344 1548 densasque
1372 1470 1554 1527 slmul
1580 1469 1881 1548 fortesque
1908 1464 2180 1526 cohortes

566 1568 937 1650 audacesque
974 1568 1153 1627 duces
1187 1571 1450 1628 collectis
1477 1571 1633 1647 elige
1658 1572 1880 1648 signis3

572 1681 630 1728 et
661 1674 863 1730 Latias
890 1674 977 1730 sic
1002 1693 1181 1751 posce
1208 1692 1441 1731 manus.
1527 1673 1614 1730 ibi
1645 1674 1933 1749 sanguine
1959 1671 2151 1728 multo

403 1772 524 1834 265
568 1773 916 1833 certandum
943 1786 1052 1835 est.
1140 1778 1398 1856 reliquas
1431 1777 1587 1835 acies
1608 1821 1624 1851 ‚
1670 1794 1786 1857 qua
1817 1785 2004 1833 castra
2032 1772 2329 1833 nefandus

458 1890 471 1903 ‘
572 1876 790 1935 Casina
826 1877 1033 1936 ductor
1065 1876 1281 1955 habet,
1327 1876 1656 1936 condensas
1684 1880 1988 1935 Guarsana
2018 1874 2214 1935 ducat.

567 1973 667 2035 hic
695 1999 930 2061 quoque
960 1991 1117 2038 certa
1144 2001 1357 2040 manus
1379 1983 1638 2039 Romani
1659 1982 1867 2038 militis
1894 1977 2083 2037 ardet.

571 2090 661 2137 est
690 2084 872 2141 etiam
903 2080 1029 2140 dux
1053 2085 1183 2162 ipse
1214 2083 1418 2157 ferox,
1461 2081 1802 2162 disperdere
1828 2093 2037 2161 gentes

570 2181 840 2241 Romana
867 2205 975 2263 pro
1003 2196 1170 2264 parte
1194 2205 1442 2264 parens,
1489 2185 1635 2242 dum
1665 2184 1897 2264 plaudit
1923 2183 2217 2243 honorum

402 2282 529 2343 270
569 2285 807 2345 inflatus
834 2288 1054 2361 titulis,
1102 2286 1247 2345 dum
1275 2285 1492 2345 dicitur
1516 2308 1647 2345 esse
1677 2290 1982 2365 magister,

576 2384 718 2445 dum
746 2393 1223 2468 consanguineus
1248 2392 1485 2468 genitus
1513 2387 1587 2446 de
1614 2400 1805 2447 matre
1837 2391 2072 2447 Latina.

572 2485 687 2546 hac
714 2493 827 2549 sibi
857 2492 1036 2551 laude
1067 2494 1312 2571 placens
1342 2493 1510 2551 fortis
1536 2490 1807 2572 fidusque
1836 2490 2030 2548 videri

572 2592 702 2651 vult
729 2596 1007 2653 inimicus
1036 2606 1231 2653 atrox.
1319 2597 1468 2655 alios
1498 2617 1612 2654 nec
1640 2598 1908 2654 nominet
1937 2591 2142 2651 hostes

572 2693 668 2754 his
698 2700 867 2756 victis
894 2702 1227 2757 Nasamon:
1273 2701 1468 2756 cuncti
1502 2709 1605 2756 tua
1639 2707 1825 2755 castra
1858 2704 2202 2778 sequentur.

402 2797 531 2862 275
573 2802 659 2856 sic
690 2799 925 2858 dabitur
951 2804 1165 2859 nostris
1194 2802 1363 2859 sortis
1388 2803 1633 2858 victoria
1664 2792 1920 2878 signis.”

577 2905 821 2960 consilio
848 2923 1148 2962 assensere
1174 2906 1318 2979 viri,
1362 2915 1687 2985 gentesque
1715 2899 2012 2960 nefandae

573 3005 933 3063 infremuere
957 3008 1206 3082 animis,
1250 3018 1586 3088 acuuntque
1612 3009 1675 3064 in
1701 3007 1926 3086 proelia
1947 3012 2200 3061 mentes.

661 3108 939 3167 Condidit
967 3107 1127 3166 unda
1154 3108 1313 3166 diem
1345 3111 1613 3168 Oceano:
1657 3129 1781 3166 nox
1809 3119 1934 3166 atra
1971 3115 2173 3165 secuta
2204 3114 2312 3161 est.

576 3221 717 3270 tunc
745 3210 1024 3270 Phoebus
1060 3209 1352 3268 disiunxit
1384 3231 1598 3292 equos,
1643 3221 1785 3268 tunc
1809 3208 2065 3289 Cynthia
2096 3212 2315 3284 iunxit,

407 3317 537 3379 280
580 3312 722 3371 dum
752 3324 997 3372 renovat
1020 3324 1252 3372 nostras
1283 3316 1456 3372 vires.
1491 3359 1499 3372 ,
1544 3312 1696 3370 haec
1721 3315 1909 3390 surgit
1941 3313 2014 3368 ab
2045 3311 2245 3387 nudie,

580 3419 868 3494 mergitur
894 3418 1043 3474 alter
1066 3418 1256 3497 aquis.
1344 3413 1646 3494 placidam
1672 3436 1781 3494 per
1809 3416 2075 3473 membra
2104 3421 2365 3494 quietem

581 3522 792 3598 accipit
815 3540 993 3578 omne
1020 3538 1243 3597 genus3
1292 3517 1572 3598 dulcique
1601 3520 1889 3596 impressa
1919 3519 2131 3595 so'pore

582 3632 773 3678 cetera
806 3644 918 3701 per·
945 3643 1186 3701 campos
1213 3623 1388 3680 sessis
1421 3621 1704 3677 animalia
1737 3620 2022 3678 membris

583 3744 825 3782 somnus
859 3723 1117 3783 habebat
1152 3728 1345 3797 iners,
1396 3721 1656 3801 pecudes
1692 3725 2006 3804 variasque
2039 3723 2310 3784 volucres

406 3823 537 3889 285
579 3824 1011 3908 horribilesque
1042 3828 1200 3885 feras
1230 3824 1581 3907 gelidosque
1611 3828 1674 3883 in
1701 3828 1876 3885 litore
1905 3829 2120 3905 pisces,

583 3950 719 3986 cum
749 3931 897 4008 vigil
929 3934 1301 4003 insomnem,
1348 3931 1605 4007 flagrans
1636 3932 1761 3988 iam
1789 3932 2013 4004 Marte,
2058 3926 2357 3988 Iohannes

583 4031 834 4090 ducebat
864 4044 1103 4091 noctem
1121 4077 1137 4106 ,
1183 4042 1475 4112 cautoque
1504 4035 1567 4089 in
1593 4044 1831 4111 pectore
1860 4033 2072 4092 sollers

557 4135 863 4193 ‘volvebat
895 4154 1182 4213 magnes,
1229 4133 1578 4213 dispensans
1613 4133 1820 4194 ordine
1841 4179 1858 4210 ,
1905 4155 2095 4196 curas.

408 4282 521 4337 ‘256
553 4283 751 4339 solitis?
971 4285 1074 4338 259
1106 4284 1317 4337 laxata?
1534 4284 1637 4338 265
1672 4301 1773 4354 quo
1809 4286 1952 4359 apud
1987 4285 2051 4339 M
2267 4284 2370 4337 269
2406 4281 2616 4352 plaudet

408 4353 563 4421 „pud
588 4354 646 4405 M
851 4356 956 4410 280
988 4364 1167 4424 surget
1194 4356 1257 4409 Τ.
2073 4415 2079 4422 ,
2711 4378 2715 4382 “
