3210 5200
625 414 725 491 48
1556 405 1897 478 coml’l’l

632 588 753 648 120
794 595 935 642 tunc
954 626 970 657 ,
1023 574 1365 640 Velanideis
1397 584 1644 636 verrunt
1672 577 1777 657 qui
1805 584 2015 653 stagna
2042 574 2268 650 seselis,

798 691 1159 743 conveniunt
1182 683 1423 761 populi,
1468 681 1573 761 qui
1600 688 1845 737 currunt
1869 687 2006 736 arte·
2018 695 2127 756 per
2149 696 2388 760 aequor,

795 786 1009 845 infixos
1035 786 1309 843 tremulis
1337 786 1626 841 iactantes
1651 781 1912 860 piscibus
1938 777 2177 840 hamos.

791 890 1038 948 Barcaei
1067 887 1240 945 solito
1269 894 1477 943 curant
1504 885 1734 942 saevire
1758 883 1991 940 furore:

793 988 1106 1048 deseruere
1135 1007 1304 1062 suas,
1351 996 1411 1044 et
1435 995 1667 1044 nostras
1696 1003 1979 1066 quaerere
2006 993 2198 1042 terras

628 1093 748 1158 125
788 1092 1103 1170 incipiunt.
1186 1087 1285 1147 his
1316 1108 1480 1146 arma
1504 1087 1674 1144 furor
1697 1086 2042 1167 bellumque
2064 1086 2365 1144 ministrat

795 1202 856 1250 et
881 1211 1071 1271 genus
1099 1212 1231 1250 acre
1260 1192 1426 1249 viris.
1511 1189 1733 1267 clipeos
1764 1187 2114 1269 gladiosque
2140 1190 2405 1246 minaces

792 1315 915 1353 non
945 1295 1120 1354 solito
1147 1294 1377 1350 vinctos
1402 1291 1604 1365 lateri,
1649 1288 1756 1349 sed
1786 1291 2037 1350 circulus
2064 1290 2253 1349 ambit

795 1398 1202 1478 perstringens
1230 1393 1566 1468 modicum,
1613 1394 1962 1474 complexus
1981 1391 2227 1451 brachia
2252 1411 2421 1473 gyro,

795 1502 1161 1580 vaginasque
1190 1508 1396 1576 aptant
1420 1492 1598 1553 nudis
1619 1494 1884 1574 pendere
1905 1496 2163 1554 lacertis.

633 1606 753 1667 130
792 1621 907 1660 nec
936 1603 1171 1658 tunicae
1198 1598 1453 1656 manicis
1484 1606 1699 1654 ornant
1729 1616 1836 1654 sua
1863 1596 2108 1657 brachia
2133 1597 2362 1656 Mauri:

794 1704 974 1761 insita
997 1720 1119 1759 non
1142 1700 1284 1757 ullis
1310 1699 1684 1776 stringuntur
1707 1699 1948 1776 cingula
1973 1700 2195 1773 bullisg

797 1801 1189 1882 discinctique
1219 1801 1377 1858 feras
1405 1801 1633 1878 agitant
1659 1801 1722 1857 in
1752 1801 1981 1879 proelia
2009 1810 2260 1875 turmas,

793 1906 1053 1984 binaque
1079 1900 1422 1983 praevalido
1453 1910 1693 1979 portant
1714 1898 1953 1960 hastilia
1975 1903 2160 1961 ferro.

792 2004 1036 2065 horrida
1064 2005 1393 2063 substrictis
1422 2001 1770 2083 dependens
1797 2004 2030 2082 tragula
2055 2003 2347 2062 membris

630 2110 751 2177 135
794 2129 876 2168 ex
901 2107 1169 2166 humeris
1198 2104 1456 2164 demissa
1479 2107 1655 2163 iacet.
1741 2114 1883 2164 tunc
1915 2107 2098 2164 lintea
2123 2116 2343 2164 tetrum

794 2211 957 2292 palla
984 2220 1162 2288 caput
1192 2208 1460 2286 stringit,
1504 2205 1667 2266 nodo
1695 2206 1938 2266 suffulta
1963 2209 2179 2283 tenaci,

793 2312 1097 2394 crudaque
1127 2310 1237 2369 sub
1269 2311 1442 2387 nigra
1473 2312 1779 2368 calcantur
1801 2310 2063 2368 Mam-ica
2093 2305 2323 2390 planta.

880 2410 1271 2474 Marmaridas
1301 2421 1510 2490 gentes
1533 2422 1624 2471 tot
1653 2413 1899 2491 pertulit
1921 2412 2124 2471 Africa
2146 2413 2357 2472 bellis:

794 2520 929 2599 quis
957 2520 1239 2576 miseram
1274 2533 1583 2594 superesse
1611 2524 1783 2593 putet
1797 2512 1829 2572 *ἲ
1913 2533 2037 2572 non
2063 2515 2284 2576 sufficit
2308 2514 2489 2590 istud,

633 2621 755 2686 140
797 2643 833 2681 o
864 2618 1095 2702 superi!
1182 2622 1306 2677 iam
1331 2617 1535 2676 audax
1562 2618 1804 2675 alternis
1831 2618 2121 2696 surgit-ab
2152 2620 2273 2679 oris·

797 2723 1046 2783 adversa
1077 2719 1151 2779 de
1176 2732 1344 2799 parte
1368 2722 1635 2780 fremens
1659 2719 1789 2781 dux
1808 2721 1916 2779 ille
1942 2720 2163 2796 ruinas,

797 2843 947 2904 quas
972 2826 1064 2881 illi
1091 2825 1360 2881 Romana
1380 2841 1595 2879 manus
1624 2841 1735 2900 per
1754 2823 2005 2880 vulnera
2031 2824 2240 2882 Martis

798 2934 934 2982 ante
960 2920 1155 2980 dedit:
1199 2933 1430 2981 tantam
1451 2921 1594 2981 inde
1620 2924 1783 2981 ferus
1805 2943 1970 2981 nunc
1997 2924 2225 3003 colligit
2255 2925 2428 2986 iram.

798 3028 1148 3083 innumerae
1175 3036 1383 3105 gentes
1411 3026 1589 3083 illum
1612 3025 1969 3084 comitantur
1995 3037 2258 3102 euntem,

636 3113 755 3193 145
799 3147 951 3209 quae
986 3127 1291 3206 geminam
1313 3129 1553 3185 Petram
1570 3172 1588 3201 ,
1634 3146 1789 3208 quae
1815 3128 2112 3210 Zerquilis
2138 3127 2382 3190 horrida
2410 3151 2565 3209 mm,

798 3250 1072 3312 quaeque
1099 3226 1359 3305 nefanda
1387 3229 1589 3288 colunt
1610 3232 1797 3289 trinis
1825 3240 2108 3289 montana
2133 3233 2357 3292 Navusi

795 3330 1180 3412 desertosque
1212 3333 1407 3407 locos3
1450 3333 1641 3391 nutrit
1662 3352 1812 3414 quos
1838 3329 2079 3391 horrida
2102 3332 2284 3392 tellus

796 3435 1050 3513 Arzugis
1083 3432 1402 3492 infandae:
1442 3446 1677 3494 veteres
1700 3435 1788 3494 sic
1805 3435 2049 3495 nomine
2074 3431 2303 3495 dicmu-

795 3538 1150 3593 Aurasitana
1175 3554 1388 3595 manus
1418 3538 1590 3595 celsis
1624 3534 1933 3597 descendit
1955 3537 2029 3595 ab
2051 3537 2198 3603 oris.

632 3636 756 3703 150
792 3656 914 3694 non
943 3636 1127 3717 pedes
1152 3638 1259 3696 illa
1286 3648 1482 3718 potest
1510 3642 1667 3699 acies
1694 3642 1760 3697 in
1786 3641 1946 3698 bella
1971 3641 2195 3713 venire,

794 3737 1136 3818 praevalide
1163 3738 1271 3799 sed
1296 3751 1524 3820 pugnat
1557 3760 1760 3823 eques.
1845 3752 1986 3799 tunc
2011 3741 2222 3798 lancea
2245 3738 2472 3819 duplex

797 3843 1134 3922 iuniperum
1160 3843 1316 3902 ferro
1343 3841 1610 3902 validam
1636 3843 1860 3923 suffigit
1888 3852 2096 3916 acuto;

796 3954 1077 4027 ceti-aque
1107 3963 1284 4024 saepe
1314 3945 1465 4004 levis
1491 3942 1642 4005 duro
1671 3947 1823 4006 iacet
1852 3941 2093 4004 horrida
2120 3940 2298 4003 dorso

635 4143 733 4197 123
766 4161 837 4195 an
862 4142 1110 4197 currunt?
1316 4144 1418 4199 126
1449 4147 1531 4197 ent
1551 4145 1616 4197 M
1813 4146 1941 4200 aid.
1976 4144 2141 4199 uirum
2162 4144 2227 4199 M
2429 4146 2529 4202 132
2559 4145 2821 4199 discincti·

631 4229 734 4331 pue
746 4213 808 4275 11,
831 4216 973 4283 apud
986 4214 1049 4266 Μ
1058 4210 1402 4282 disti-actique.
1555 4213 1656 4268 134
1678 4215 1756 4267 sar
1910 4221 1972 4268 nt
1995 4217 2110 4271 181.
2258 4215 2386 4270 ma.
2408 4233 2501 4285 pro
2521 4215 2754 4269 membris
2773 4216 2820 4268 Is

651 4282 767 4333 oris.
982 4282 1081 4334 137
1116 4280 1341 4333 calcatur
1364 4283 1416 4332 Τ
1622 4284 1716 4338 141
1794 4301 1862 4337 nx
1884 4285 1975 4352 M,
2010 4285 2161 4339 dulce
2190 4285 2242 4340 '1'
2431 4287 2527 4340 145
2561 4284 2746 4357 gemini
2771 4287 2822 4336 Τ

632 4349 731 4402 149
763 4349 1037 4403 aurisitana
1063 4349 1113 4399 Τ
1315 4350 1429 4412 153,
1449 4357 1627 4405 cet-ura
1650 4370 1775 4423 sepe
1799 4355 1863 4406 ¹1⁸.
