3210 5200
1168 402 1651 471 PRAEFATIO.
1749 408 1752 409 *
2340 425 2496 473 xxm

291 578 566 658 spatium
609 574 887 650 eclogam
932 565 1191 626 eandem
1233 571 1511 649 scriptam
1569 590 1701 629 esse
1756 579 2007 650 oportet.
2101 574 2167 630 in
2229 572 2497 633 secunda

293 682 517 756 ecloga
555 679 678 754 agit
714 684 926 731 auctor
964 669 1042 727 de
1082 675 1269 749 patria
1317 694 1424 733 sua
1458 677 1696 745 Areti03
1742 683 1801 730 et
1827 674 1890 728 iu
1918 673 2088 729 tertia
2116 675 2384 734 Urbanus
2412 680 2495 736 vl

297 784 512 859 papa,‘
565 776 835 835 Iohamia
885 775 1093 851 regina
1134 776 1416 852 Neapolis
1471 777 1696 854 aliique
1738 775 2037 853 principes
2073 787 2496 853 memorantur,

295 885 422 962 qui
452 882 688 939 saeculo
718 876 799 941 14
821 878 1122 935 vixerunt.
1207 873 1462 933 subinde
1495 878 1747 932 occurrit
1772 881 1986 954 poema
2011 873 2271 949 heroi00‚
2306 897 2500 956 paene

300 982 598 1039 dixeram
638 980 1038 1051 mnemonico,
1089 978 1349 1034 carmine
1390 980 1819 1055 compositmn,
1864 979 1962 1033 cui
2000 978 2208 1035 titulus
2250 989 2339 1036 est
2367 980 2501 1035 Ro-

302 1082 556 1153 nmlea,
601 1084 882 1161 cuiusque
917 1080 1195 1138 meminit
1233 1077 1524 1150 Quadi-ius
1565 1091 1625 1136 et
1658 1075 2121 1135 Mazzuchellius
2157 1091 2294 1157 post
2336 1100 2500 1140 eum.

302 1195 543 1241 constat
572 1182 736 1241 idem
763 1179 880 1241 hoc
906 1184 973 1239 in
999 1200 1093 1239 ms
1121 1163 1309 1238 tribus
1335 1191 1569 1239 tantum
1600 1182 1805 1255 libris3
1851 1178 1959 1239 sed
1985 1178 2175 1238 index
2203 1185 2499 1260 praemis-

300 1307 415 1343 sus
460 1286 562 1342 alii
597 1283 824 1357 codici,
879 1282 956 1341 de
986 1303 1105 1364 quo
1134 1283 1319 1355 infra,
1370 1302 1468 1340 me
1505 1282 1679 1341 docet
1711 1287 1786 1345 12
1810 1283 1977 1340 libris
2005 1282 2499 1363 comprehensum

302 1389 500 1444 fuisse
526 1386 590 1445 id
625 1393 843 1467 poema
861 1430 879 1460 ‚
927 1388 991 1441 in
1024 1404 1142 1466 quo
1174 1386 1248 1442 ab
1275 1386 1419 1442 urbe
1443 1388 1633 1444 Roma
1660 1382 1897 1442 condita
1924 1404 2112 1465 usque
2140 1385 2218 1443 ad
2242 1389 2499 1465 Augusti

303 1486 669 1567 apotheosin
715 1490 1050 1545 Romanam
1092 1484 1407 1545 historiam
1446 1489 1877 1567 perstrinxerat
1920 1497 2143 1544 auctor.
2239 1500 2499 1566 praestat

301 1591 557 1646 interim
588 1609 670 1645 ex
696 1591 829 1665 ipso
859 1587 1060 1646 codice
1087 1590 1335 1645 recitare
1361 1589 1605 1645 titulum
1638 1598 1697 1645 et
1725 1589 1953 1666 priores
1979 1607 2216 1646 versus:
2262 1591 2341 1648 In
2361 1591 2501 1647 No·-

306 1693 480 1747 rnine
507 1690 769 1745 Domini
788 1689 1005 1746 Amen.
1094 1690 1307 1766 incipit
1333 1691 1574 1766 primus
1605 1688 1755 1746 liber
1780 1689 2070 1746 Romulae
2101 1691 2154 1747 J.
2187 1692 2266 1748 L.
2302 1693 2376 1750 de
2401 1693 2485 1749 B.

309 1791 394 1848 cle
418 1790 537 1848 Ar.
571 1792 636 1847 in
661 1811 775 1869 quo
802 1801 1090 1849 truc-tatur
1108 1790 1182 1848 de
1196 1792 1469 1867 primevo
1491 1802 1625 1849 ortu
1650 1789 1818 1849 urbis
1840 1813 1882 1849 a
1903 1792 2164 1849 Romulo
2192 1804 2249 1849 et
2268 1794 2343 1851 de
2363 1796 2493 1870 ipso

305 1889 596 1949 Romulo·
687 1902 743 1948 et
780 1891 1020 1971 regibus
1056 1903 1114 1951 et
1155 1893 1230 1950 de
1270 1903 1453 1950 morte
1487 1893 1746 1952 Itoeretie.
1837 1905 1894 1951 et
1929 1896 2232 1972 principio
2276 1916 2489 1954 consu-

302 1994 489 2053 latus.

649 2098 891 2155 Celestis
911 2109 1075 2157 vates
1095 2098 1325 2179 gaudet
1354 2120 1582 2179 quoque
1611 2100 1880 2157 Mantua
1894 2097 2116 2177 proles.

578 2198 972 2280 Cordecbaque
983 2244 1010 2272 ,
1048 2201 1352 2282 hucusque
1383 2213 1709 2261 nat-mmm
1727 2202 1927 2279 prelia
1953 2203 2180 2260 ducem.

566 2303 695 2358 iam
721 2324 860 2360 nece
876 2307 1154 2381 preventi
1179 2316 1487 2363 tacuerunt
1520 2306 1638 2362 lira
1667 2324 1898 2362 sonora.

570 2416 662 2459 ast
687 2426 791 2483 ego
821 2427 896 2462 ne
918 2405 1135 2463 sileant
1159 2418 1459 2464 tantorum
1477 2417 1650 2486 gesta
1674 2408 1937 2462 virorum

571 2507 867 2564 residuum
889 2508 1081 2564 Rome
1098 2510 1442 2586 presumpsi
1464 2526 1673 2565 canere
1694 2505 1898 2562 lauros
1924 2513 2039 2563 etc.

315 2603 495 2664 vides
514 2619 865 2685 postremam
891 2611 1092 2667 ultimi
1119 2608 1299 2665 huius
1324 2628 1528 2668 versus
1557 2619 1790 2686 partem
1820 2608 2194 2686 desumptam
2223 2629 2303 2667 ex
2325 2629 2505 2690 prae-

313 2711 565 2768 sationis
618 2711 847 2790 corippi
900 2731 1079 2770 versu
1134 2712 1327 2789 primo
1344 2754 1360 2784 ,
1424 2711 1527 2790 qui
1574 2708 1828 2768 desinit:
1882 2713 2267 2787 praesumpsi
2308 2711 2504 2768 dicere

313 2812 540 2870 lauros.
628 2814 831 2892 plures
869 2816 1017 2873 alios
1060 2814 1300 2891 Corippi
1335 2831 1540 2870 versus
1566 2831 1707 2870 suos
1733 2812 1875 2869 fecit
1907 2810 1982 2870 de
2007 2815 2191 2871 Bonis
2222 2817 2402 2872 etiam
2433 2817 2501 2872 in

312 2913 431 2973 hoc
472 2921 769 2994 poeluate.
856 2915 1184 2974 secuudum
1230 2916 1451 2972 librum
1487 2912 1711 2972 claudit
1752 2914 2091 2994 triumphus
2121 2928 2255 2995 post
2284 2938 2502 2976 secun-

317 3015 466 3074 dum
488 3018 713 3075 bellum
739 3019 1034 3075 Punicum
1052 3063 1068 3091 ,
1108 3027 1167 3075 et
1197 3018 1350 3074 liber
1378 3020 1586 3075 tertius
1608 3035 1824 3095 parum
1850 3017 2005 3074 ultra
2033 3018 2408 3097 progreditur
2431 3021 2500 3079 in

313 3116 559 3177 historia
588 3123 877 3194 Romana,
923 3130 1125 3201 estque
1152 3119 1554 3198 imperfectus,
1601 3137 1740 3176 cum
1763 3120 1825 3174 in
1857 3119 1974 3176 alio
2005 3119 2205 3178 codice
2231 3124 2307 3178 sit
2330 3120 2497 3178 idem

313 3223 473 3278 liber
509 3223 826 3300 prolixior,
879 3223 974 3279 cui
1011 3222 1112 3279 alii
1155 3219 1477 3279 succedunt
1506 3239 1741 3302 quoque
1769 3220 1926 3278 libri.
2012 3221 2077 3277 in
2112 3220 2229 3280 hoc
2257 3242 2495 3303 quoque

320 3321 524 3382 codice
548 3325 1000 3382 membranaceo
1025 3342 1225 3381 rursus
1252 3323 1485 3401 repetiti
1512 3323 1792 3400 leguntur
1818 3323 2018 3402 plures
2047 3322 2368 3403 supradicti
2395 3344 2496 3381 se·-

316 3426 501 3484 cundi
539 3427 675 3484 libri
718 3427 1044 3484 Romuleae
1084 3444 1289 3483 versus
1333 3423 1647 3503 paululum
1683 3426 2003 3482 immutati.
2099 3424 2315 3485 deinde
2358 3436 2497 3485 sunt

321 3528 445 3586 duo
487 3527 734 3587 disticha
771 3528 1020 3586 moralia
1070 3535 1130 3583 et
1170 3524 1540 3605 epitaphium
1564 3523 1846 3584 odofredi
1883 3527 2130 3586 celebris
2155 3529 2498 3607 iurisperiti.

316 3641 687 3710 postremum
713 3643 914 3689 autem
944 3647 1181 3686 carmen
1200 3671 1217 3702 ‚
1262 3627 1422 3709 quod
1450 3625 1643 3686 codex
1668 3625 1834 3685 idem
1856 3629 2146 3703 continet,
2193 3640 2280 3687 est
2305 3627 2504 3711 quod-

311 3732 462 3792 dam
492 3736 924 3812 Panegyricum
953 3734 1017 3788 in
1050 3730 1295 3789 laudem
1324 3731 1576 3788 Galeatii
1609 3731 1987 3789 vicecomitis
2008 3775 2026 3806 ,
2071 3729 2232 3813 quod
2256 3734 2500 3811 incipitz

570 3835 896 3892 altitonans
926 3836 1162 3914 genitor
1189 3832 1300 3890 aab
1339 3833 1462 3890 allo
1495 3833 1753 3891 culmine
1784 3833 1916 3891 celi.

316 3941 424 3998 sub
456 3941 589 3997 eius
616 3938 798 3995 finem
827 3937 1092 4019 loquitur
1121 3943 1299 4016 poeta
1323 3933 1398 3993 de
1428 3954 1761 3994 marmoreo
1787 3936 2013 4014 templo
2038 3935 2294 4011 maiore,
2341 3933 2505 4020 quod

315 4049 457 4096 tunc
493 4059 717 4116 magno
762 4040 959 4098 studio
1008 4060 1077 4098 ac
1116 4036 1459 4097 vehementi
1495 4038 1705 4096 ardore
1742 4037 1999 4116 populus
2041 4037 2503 4098 mediolanensis
2565 4060 2570 4065 ·

318 4143 634 4216 excitabat,
669 4141 832 4224 quod
862 4144 1108 4222 contigit
1132 4142 1284 4199 circa
1311 4160 1535 4198 annum
1563 4142 1746 4205 1386.
1831 4160 1944 4198 nec
1971 4142 2206 4200 silentio
2233 4155 2501 4220 premam

313 4246 730 4319 membranas,
777 4265 857 4304 ex
887 4247 1101 4328 quibus
1138 4252 1371 4303 constat
1406 4225 1507 4299 hi'c
1544 4240 1736 4301 codex
1778 4240 1906 4324 (sio
1931 4254 2071 4302 sunt
2098 4254 2156 4302 et
2185 4244 2335 4301 aliae
2366 4258 2501 4299 cum

305 4342 536 4408 chartis
578 4345 903 4408 immixtae
938 4346 1005 4406 in
1042 4347 1180 4409 aliis
1214 4343 1515 4407 codicibus
1546 4345 1705 4407 infra
1732 4343 2146 4426 recensendis)
2189 4342 2502 4423 rescriptas
