3210 5200
654 392 753 466 64
1585 390 1922 459 CORIPPI

816 559 1153 634 montibus,
1198 557 1603 640 abstrusisque
1629 558 1889 620 latebras
1920 575 2204 637 quaerere
2228 558 2413 632 saxis,

818 673 880 721 et
905 663 1019 719 lari
1044 671 1171 718 tuta
1196 672 1366 740 parat
1396 672 1569 740 capta
1595 658 1906 718 subsidere
1936 659 2116 732 valle,

822 761 1294 844 Vandalicasque
1322 764 1513 822 latens
1537 760 1718 820 audet
1741 773 1970 821 tentare
1993 757 2344 840 phalangas.

660 870 778 932 180
822 875 1076 946 quantos
1107 867 1211 924 ille
1243 863 1457 940 duces,
1503 875 1760 946 quantos
1789 875 2164 923 truncaverat
2192 861 2413 939 hostes,

813 963 1124 1030 obsidione
1157 982 1469 1047 premens,
1512 965 1775 1024 mediis
1758 985 1823 1024 ιιι
1851 965 2121 1026 faucibus
2150 986 2328 1042 ense3

811 1072 1265 1150 barbaricasque
1300 1066 1543 1128 trahens
1575 1088 1856 1149 perverso
1878 1069 2125 1128 numine
2151 1080 2380 1129 turmas

810 1178 1033 1254 impius
1058 1175 1122 1231 iu
1147 1170 1282 1229 latis
1307 1173 1626 1251 prostravit
1654 1171 1898 1252 cuspide
1930 1174 2178 1250 campis.

896 1279 1028 1335 Iam
1051 1287 1289 1353 tempus
1317 1274 1566 1334 miseros
1589 1275 1730 1334 fatis
1753 1275 2003 1354 urgebat
2031 1273 2278 1347 acerbis,

646 1379 767 1446 185
810 1397 1115 1458 regnaque
1147 1387 1396 1435 centeno
1420 1397 1743 1458 properans
1771 1380 1897 1436 iam
1924 1378 2183 1455 fregerat
2214 1388 2404 1431 annot

810 1493 956 1540 tune
985 1483 1249 1559 primum
1278 1481 1341 1537 in
1366 1481 1585 1539 nostris
1615 1481 1795 1539 urbes
1824 1477 2182 1539 succendere
2204 1480 2378 1536 terris

809 1595 872 1642 et
898 1582 1189 1663 populare
1214 1598 1380 1638 casas
1405 1590 1465 1637 et
1488 1583 1717 1662 campis
1749 1602 1982 1642 currere
2006 1583 2230 1639 Frexes

808 1693 1113 1763 coeperat,
1158 1682 1541 1760 infensusque
1568 1703 1749 1742 ausus
1775 1686 2144 1743 committere
2168 1699 2423 1761 pugnas.

805 1784 949 1844 inde
978 1802 1226 1842 movens
1259 1782 1416 1840 vires
1441 1792 1586 1841 tunc
1616 1784 1825 1842 Naffur
1850 1782 2123 1856 anhelus,

645 1893 766 1952 190
805 1899 986 1967 atque
1019 1887 1182 1945 omni
1210 1882 1284 1942 de
1309 1885 1489 1963 plebe
1515 1885 1678 1944 viros

804 1990 1000 2048 vicina
1031 1986 1106 2045 de
1132 1997 1300 2065 parte
1326 1987 1566 2065 premit.
1651 1983 1763 2044 hos
1787 1985 2059 2066 linquere
2081 1994 2269 2043 terras

804 2100 865 2147 et
892 2088 1096 2148 dulces
1121 2100 1344 2147 terrore
1372 2090 1527 2146 lares
1557 2108 1686 2147 sors
1712 2089 1897 2166 impia
1927 2089 2147 2167 pulsat.

805 2192 997 2250 fervet
1023 2190 1246 2271 praedo
1275 2191 1480 2249 ferox:
1525 2190 1709 2248 nullis
1738 2192 1861 2247 iam
1890 2187 2011 2247 vita
2034 2190 2245 2248 salutis

804 2306 961 2353 certa
994 2294 1163 2353 locis.
1251 2296 1367 2352 acti
1397 2294 1537 2350 fatis
1569 2312 1856 2371 urgemur
1884 2291 2126 2373 iniquis.
2169 2309 2170 2312 ’

639 2395 759 2459 195
801 2407 1070 2476 tempore
1096 2393 1413 2454 Vandalici
1444 2395 1750 2474 perierunt
1779 2392 2000 2473 gaudia
2024 2395 2198 2472 regni

801 2509 1032 2557 nostra:
1079 2499 1267 2556 semel
1295 2515 1497 2557 versos
1523 2497 1757 2556 miseris
1783 2507 1926 2554 tunc
1956 2497 2095 2554 flere
2123 2505 2372 2574 penates

800 2603 1079 2679 contigit,
1123 2612 1183 2660 et
1208 2612 1367 2660 tutas
1395 2598 1661 2680 indignis
1691 2617 1975 2681 quaerere
2005 2609 2213 2657 terras.

884 2701 1182 2761 Hildimer
1203 2702 1480 2762 infaustis
1507 2705 1693 2781 gessit
1716 2713 1860 2760 tunc
1887 2702 2111 2781 praelia
2139 2702 2347 2779 signis,

794 2805 1064 2863 insuetus
1096 2803 1363 2862 conferre
1379 2817 1673 2871 ,mauumt
1714 2819 1840 2860 non
1870 2803 2094 2861 viribus
2126 2804 2301 2861 illum

630 2907 756 2968 200
798 2908 1067 2980 vincere,
1111 2924 1223 2962 nec
1260 2904 1441 2962 tantis
1473 2912 1706 2982 poterat
1737 2922 2084 2964 concurrere
2114 2905 2323 2983 signis.

794 3006 958 3065 illius
987 3003 1237 3065 adverso
1266 3015 1625 3084 rmnpuntur
1648 3007 1905 3064 stamina
1931 3007 2056 3064 fato

793 3108 1099 3166 montibus
1127 3109 1193 3165 in
1219 3104 1460 3164 mediis.
1546 3126 1717 3166 casus
1752 3107 1900 3188 quid
1934 3118 2112 3167 terret
2139 3108 2424 3189 iniquus?

795 3229 974 3290 saepe
1002 3212 1152 3267 irata
1177 3211 1296 3289 piis
1320 3217 1518 3269 servat
1543 3208 1779 3267 fortuna
1807 3222 2112 3272 nocentes.

797 3314 1181 3370 constiterant
1211 3330 1354 3368 nam
1385 3313 1558 3390 signa
1585 3312 1745 3390 iugis
1772 3312 2059 3396 silvisque
2087 3314 2366 3393 superba.

625 3411 748 3476 205
793 3411 1049 3492 desuper
1076 3413 1150 3471 ab
1184 3415 1446 3493 scopulis
1476 3414 1637 3473 acies
1663 3414 1991 3476 vallaverat
2019 3416 2293 3490 hostem3

789 3535 900 3573 nec
926 3535 1063 3598 spes
1091 3516 1216 3574 ulla
1244 3516 1424 3595 fugae
1452 3520 1705 3596 pressis,
1747 3538 1862 3576 nec
1888 3518 2071 3580 fidere
2093 3520 2302 3578 turbae

786 3637 900 3676 nec
924 3621 1112 3679 vitam
1137 3637 1372 3697 sperare
1399 3619 1544 3696 fuit,
1587 3638 1702 3690 nec
1729 3622 1934 3681 sistere
1966 3633 2168 3682 contra

787 3721 911 3778 iam
936 3731 1241 3800 poterant:
1285 3731 1519 3780 tantum
1552 3724 1814 3802 scopulis
1845 3724 2112 3783 tardatur
2135 3724 2357 3802 iniquis

786 3822 894 3879 illa
922 3841 1156 3882 manus.
1244 3824 1433 3902 ruptis
1458 3829 1683 3904 tegitur
1710 3845 1856 3905 gens
1882 3828 2069 3904 impia
2095 3827 2279 3897 saxis,

618 3924 745 3986 210
785 3925 1042 3985 vallibus
1074 3934 1134 3981 et
1165 3926 1363 3984 scissis
1390 3938 1661 3987 muratus
1696 3930 1953 4007 cingitur
1981 3925 2190 3985 hostis.

778 4026 1073 4086 silvarum
1100 4028 1165 4084 in
1191 4026 1393 4091 medio
1414 4028 1581 4089 locus
1615 4040 1705 4089 est
1735 4048 2168 4110 nemorumque
2195 4026 2516 4106 malignus,

619 4212 717 4266 178
749 4211 939 4266 lareca
979 4219 1031 4267 ta
1054 4216 1203 4281 parnt
1223 4216 1335 4266 tuta
1358 4212 1421 4267 M
1659 4214 1760 4268 182
1788 4214 1989 4267 tramite
2010 4213 2058 4265 L
2287 4213 2387 4267 188
2419 4210 2733 4277 infensaque
2760 4209 2810 4260 Τ

611 4359 734 4402 mne
647 4279 1243 4422 Μωὲῳῐζιιώέεζῗί
1285 4281 1882 4422 quaezgoodgxecbnaibetmpt
1901 4284 2164 4411 &operiere
2193 4299 2342 4338 versu
2382 4282 2521 4335 mule
2559 4279 2801 4351 repetita,
