3210 5200
986 407 1523 475 IOHANNIDOS
1572 408 1731 522 LIIJ.
1779 409 1899 475 IV.
2428 410 2522 486 91

503 572 887 656 cornipedem
915 575 1121 634 frenis.
1208 572 1370 632 hosti
1400 585 1605 633 tamen
1634 576 1844 634 obvius
1877 577 1990 636 ivit

503 698 856 756 congressus
885 680 1090 735 vacuis
1123 675 1334 735 ductor
1359 678 1718 736 fortissimus
1743 680 1947 736 armiS.

506 785 711 860 arrIpit
740 781 845 837 ille
876 781 1116 857 fugam3
1160 799 1342 859 quem
1371 777 1497 837 dux
1523 784 1612 838 sic
1639 800 1782 838 voce
1812 792 2071 839 secutus.

332 889 464 952 660
494 878 656 966 “quo
686 884 878 960 fugis,
921 878 1215 940 Antalas‘l
1301 878 1452 938 haec
1478 891 1620 938 sunt
1643 885 1981 940 minitantia
2010 884 2235 945 verba?

500 988 693 1045 milite
726 1005 865 1042 cum
884 1003 1069 1062 parvo
1097 983 1345 1041 veniens
1376 993 1551 1042 vocat
1587 1004 1723 1042 ecce
1753 982 2073 1044 Iohannes.

506 1110 625 1170 quo
654 1089 838 1146 velox
866 1084 1128 1145 deflectis
1152 1082 1306 1144 iter‘i
1391 1082 1572 1141 modo
1599 1083 1823 1144 iudicet
1850 1088 1957 1144 ille

505 1195 611 1273 qui
646 1193 878 1249 caelum
904 1173 1243 1267 terramque
1272 1196 1504 1260 movet,
1554 1190 1664 1267 qui
1688 1187 1950 1250 fulmina.
1972 1185 2273 1275 torquet.”

504 1296 646 1353 talia
678 1295 944 1350 narranti
970 1311 1222 1370 seseque
1246 1291 1310 1346 in
1333 1289 1491 1345 bella
1520 1293 1761 1348 vocanti

333 1396 461 1462 665
504 1397 769 1469 erubuit,
812 1413 1206 1473 maerensque
1240 1394 1363 1449 suis
1394 1409 1458 1447 se
1488 1393 1814 1451 itmniscuit
1849 1399 2051 1472 arinis,

505 1520 640 1557 cum
671 1499 906 1574 magica
936 1507 1139 1553 taurus
1171 1493 1502 1551 demittitur
1528 1503 1654 1550 arte

501 1606 846 1659 Maurortun
880 1620 912 1655 e
942 1596 1144 1654 medio
1161 1641 1177 1670 ,
1222 1607 1427 1654 taurus
1454 1614 1638 1674 quem
1665 1600 1838 1656 lerna
1866 1599 2141 1662 sacerdos

501 1714 678 1784 atque
706 1700 871 1759 idem
898 1702 1093 1777 gentis
1121 1710 1416 1757 rectorum
1440 1702 1744 1758 maximus
1776 1714 1981 1761 auctor

499 1804 788 1878 finxerat,
831 1805 1141 1861 Ammonii
1167 1805 1507 1880 signantem
1531 1805 1778 1860 numine
1807 1806 2011 1862 Gurzil

331 1911 461 1973 670
503 1910 700 1965 omina
730 1910 924 1986 prima
952 1909 1099 1963 suis.
1187 1905 1360 1962 celsis
1390 1909 1532 1961 tunc
1565 1906 1841 1964 cornibus
1872 1908 1976 1965 ille
2065 1943 2074 1953 ·

500 2012 657 2066 inter
682 2019 964 2089 utrosque
988 2008 1160 2080 furit,
1208 2005 1423 2066 dubius
1453 2027 1572 2088 qua
1601 2018 1902 2087 rumperet
1928 2006 2154 2074 hostes.

501 2113 742 2190 agmina
769 2108 913 2167 dum
939 2107 1269 2187 trepidant,
1316 2130 1519 2168 cursus
1542 2130 1652 2188 per
1679 2113 1914 2191 Syrtica
1938 2116 2098 2192 rupit

501 2212 845 2292 ingrediens
870 2215 1206 2293 iterumque
1232 2214 1408 2272 ferox
1434 2233 1541 2271 sua
1575 2225 1763 2272 castra
1791 2220 2085 2294 poposcit.

498 2315 660 2375 hunc
688 2317 958 2395 sequitur
981 2317 1288 2374 Romanus
1312 2336 1496 2396 eques
1512 2361 1527 2391 ,
1572 2317 2019 2396 tremulumque
2045 2319 2157 2378 sub
2186 2340 2355 2386 anno

326 2418 456 2486 675
497 2421 723 2477 missile
752 2427 1145 2496 contorquens
1174 2414 1388 2475 mediis
1417 2420 1736 2495 prostravit
1761 2421 1980 2480 arenis.

496 2523 722 2603 proelia
749 2521 1060 2580 raucisono
1088 2522 1430 2580 cecinerunt
1462 2539 1683 2577 cornua
1712 2530 1911 2579 cantu.

497 2628 728 2685 tollitur
751 2621 892 2681 inde
916 2642 1107 2681 novus
1137 2622 1339 2681 fractis
1365 2620 1444 2680 ad
1462 2622 1661 2681 sidera
1692 2625 1919 2683 clamor

494 2729 740 2789 vocibus
756 2772 772 2801 ,
820 2736 877 2783 et
901 2727 1139 2803 magnis
1166 2725 1493 2783 ululatibus
1520 2724 1693 2783 ardet
1713 2728 1955 2806 Erinys.
2141 2800 2144 2801 ⁷

499 2838 811 2907 concrepat
839 2848 1017 2887 omne
1044 2845 1291 2887 nemus:
1337 2838 1479 2887 tu‘nc
1509 2831 1704 2887 omnis
1740 2840 2025 2888 consonat
2054 2830 2205 2894 echo

323 2935 454 2999 680
496 2932 771 3010 gentibus
789 2973 805 3002 ,
857 2940 919 2987 et
947 2932 1141 2987 varias
1170 2933 1438 2985 imitatur
1466 2929 1719 2984 reddere
1747 2933 2010 3005 linguas.

495 3033 640 3091 hino
666 3032 923 3091 Sinifere
947 3048 1166 3088 vocans
1195 3031 1354 3086 acies
1382 3030 1687 3086 Maurusia
1714 3030 1932 3089 clamat

496 3136 932 3212 Mastimanque
962 3131 1194 3189 ferum:
1240 3131 1560 3188 Mastiman
1585 3143 1826 3197 assonat
1851 3132 2023 3193 echo.

498 3235 638 3295 inde
663 3236 863 3293 ferunt
888 3234 1123 3292 Gurzil:
1170 3232 1375 3290 Gurzil
1403 3250 1547 3289 cava
1575 3252 1726 3292 saxa
1759 3238 2073 3296 resultant.

497 3337 641 3397 hinc
657 3340 939 3395 Romana
972 3354 1218 3410 manus,
1263 3334 1623 3393 conturbans
1649 3339 1891 3397 vocibus
1920 3338 2209 3421 aethram,

320 3440 454 3509 685
496 3443 723 3499 intonat
740 3485 756 3514 ,
798 3450 859 3498 et
891 3442 1123 3519 quassis
1147 3447 1462 3515 regemunt
1487 3449 1772 3495 montana
1799 3437 2116 3517 pharetris.

498 3561 622 3602 vox
646 3540 985 3601 veneranda
1012 3543 1202 3615 canit;
1247 3541 1538 3599 clamatur
1562 3542 1807 3597 nomine
1839 3539 2127 3619 Christus,
2177 3592 2178 3595 ,

497 3645 822 3701 Iustiniane
839 3688 856 3719 ‚
900 3646 1019 3702 tuis
1044 3653 1276 3723 pugnet
1302 3643 1660 3701 fortissimus
1694 3646 1910 3701 armis:

490 3736 814 3824 “principis
843 3748 1166 3824 imperium
1194 3747 1412 3820 nostri,
1455 3755 1628 3823 pater
1658 3747 1911 3823 optime,
1956 3739 2196 3807 serva.'’

502 3844 578 3902 ad
602 3866 822 3906 nomen
847 3857 1141 3906 tremuere
1168 3850 1328 3927 poli,
1372 3860 1667 3907 tremuere
1699 3859 2007 3924 gementes

319 3949 455 4011 690
499 3967 783 4007 concussa
803 3950 1047 4024 tellure3
1098 3952 1255 4029 iugis
1284 3962 1343 4010 et
1366 3954 1585 4011 vertice
1614 3953 1803 4011 silvae

498 4061 827 4108 commotae
861 4071 1111 4129 paruere
1145 4056 1343 4132 quati,
1387 4066 1739 4136 montesque
1770 4056 2057 4137 lacusque

314 4177 429 4260 6534
449 4180 702 4299 ”ssfmffi
722 4183 1028 4304 εέἆοφηιξίι
1051 4186 1196 4305 :gud
1215 4185 1278 4238 M
1422 4186 1525 4239 666
1545 4193 1662 4255 post
1684 4188 1878 4271 ufagica
1900 4188 1965 4241 Μ
1982 4187 2151 4282 subito
2288 4189 2390 4243 669
2411 4204 2520 4270 mu-

304 4264 707 4456 ffltqffleoe
728 4387 818 4443 νὴ
832 4256 1270 4446 ᾗαίἕωαςὶξέι
1300 4256 1551 4379 munga?
1568 4266 1918 4380 fei-‘tiginga
1960 4261 1995 4313 Ἰ
2040 4328 2156 4389 691,
2183 4258 2525 4380 οξιὸιιὲιῐιὲἷῗυῶ

439 4422 454 4438 0
858 4407 893 4443 a
1859 4420 1862 4429 ·
2379 4420 2384 4427 '
