3210 5200
970 378 1499 448 IOHANNIDOS
1547 379 1708 447 LIB.
1756 382 1844 447 V.
2375 379 2522 449 121„-

581 545 838 606 Nuntius
868 545 1094 604 interea
1122 547 1286 605 venit
1312 547 1472 604 celer
1500 567 1636 605 ecce
1667 547 1981 625 magister,

498 649 765 708 turbatos
795 645 1000 707 hostes
1030 648 1292 706 referens
1316 650 1441 706 iam
1466 650 1622 706 victa
1647 670 1758 729 per
1783 669 1955 726 agros

327 749 459 820 '530
503 762 733 810 vertere
758 761 927 829 terga
956 751 1123 829 fuga.
1209 747 1317 807 sed
1349 770 1470 808 non
1500 747 1596 808 his
1626 753 1872 811 vocibus
1901 753 2078 810 illum

501 853 1013 912 consilio-iuvenis
1046 830 1236 911 valuit
1265 849 1566 930 depellere
1593 855 1785 912 iusto:

501 974 673 1013 menz
699 956 949 1013 immota
976 955 1112 1012 fuit.
1195 951 1303 1013 sed
1327 973 1447 1012 non
1476 956 1562 1012 sic
1586 957 1747 1014 iussa
1771 952 2067 1012 tremendi

502 1074 664 1113 nunc
692 1057 936 1115 voluere
961 1054 1083 1114 dei.
1162 1065 1545 1129 ‘cunctantem
1570 1051 1735 1115 bella
1768 1056 1969 1115 subire

505 1160 788 1237 armigeri
814 1178 1053 1217 suasere
1081 1155 1323 1233 ducem,
1367 1159 1726 1218 fortissimus
1753 1159 1902 1218 olim

339 1256 464 1324 585
504 1258 768 1318 Ariarith
796 1272 855 1318 et
881 1264 1067 1340 Ziper
1083 1262 1332 1335 melior,
1376 1258 1496 1319 duo
1520 1263 1790 1318 maxima
1819 1260 1970 1318 belli

506 1361 795 1439 fulmina,
837 1366 1133 1444 Massylae
1165 1382 1315 1443 quos
1341 1373 1758 1421 tunmtenuere
1783 1360 2134 1441 phalanges,

507 1476 568 1521 et
590 1466 807 1523 virtute
833 1485 1027 1545 pares,
1072 1477 1131 1523 et
1156 1465 1297 1524 fatis
1330 1482 1575 1543 compar
1597 1475 1871 1545 uterque.

510 1574 654 1624 tunc
675 1570 858 1647 Ziper
884 1569 972 1627 sic
997 1587 1165 1627 orsus
1188 1567 1292 1626 ait.
1367 1559 1685 1625 “succurre
1717 1566 1981 1640 Latinis,

507 1670 774 1727 maxime
805 1668 1152 1729 ductorum:
1198 1669 1343 1728 socii
1369 1669 1497 1726 fera
1521 1670 1760 1747 proelia
1781 1669 2005 1747 campis

343 1762 471 1829 540
508 1771 761 1828 miscent
778 1815 796 1846 ,
856 1771 964 1831 sed
991 1771 1175 1831 denso
1202 1773 1327 1829 rari·
1346 1771 1661 1829 turbantur
1692 1771 1768 1828 ab
1795 1768 1989 1829 hoste.

510 1870 802 1949 imprimit
826 1870 938 1932 hos
961 1889 1282 1932 numerus:
1327 1874 1521 1931 socios
1542 1874 1605 1929 in
1631 1874 1792 1932 bella
1818 1890 2160 1952 sequamur.

513 1989 683 2031 arma
703 1993 879 2054 cape,
925 1985 984 2033 et
1010 1994 1282 2034 succurre
1313 1966 1489 2034 tuis?
1572 1971 1675 2032 hic
1695 1974 1867 2032 fortis
1887 1992 2090 2032 amore

511 2074 776 2134 Ariarith
808 2082 1032 2137 exarsit
1062 2096 1332 2157 pugnae,
1377 2076 1652 2156 cogitque
1683 2087 2015 2134 morantem

514 2176 685 2254 signa
709 2198 949 2239 movere
983 2178 1217 2240 ducem.
1302 2178 1407 2237 fidi
1434 2198 1553 2259 qua
1581 2198 1728 2236 voce
1754 2180 2011 2237 ministri

348 2270 475 2341 545
519 2275 779 2340 ductoria
807 2281 1099 2361 compulsi
1133 2283 1342 2340 animi.
1427 2283 1615 2359 gemit
1637 2278 1880 2338 horrida
1910 2291 2083 2338 cantu

517 2380 769 2440 buccina
797 2383 1032 2442 letifero
1051 2427 1069 2458 ,
1111 2394 1458 2463 turmasque
1484 2385 1550 2439 in
1578 2381 1806 2460 proelia
1836 2384 2011 2459 cogit.

521 2486 569 2543 it
596 2486 750 2543 bene
779 2497 1014 2566 compta
1044 2488 1294 2561 manus,
1337 2487 1555 2544 frustra
1585 2503 1741 2564 quae
1766 2483 1890 2541 fata
1919 2484 2247 2562 premebat.

520 2589 608 2648 sic
631 2590 919 2669 placitum
948 2589 1092 2665 tibi,
1131 2609 1369 2648 summe
1394 2599 1595 2669 pater,
1645 2606 1785 2644 cum
1813 2584 2053 2644 laedere
2084 2585 2272 2644 velles

523 2703 836 2770 peccantes
855 2694 1083 2772 Libyae
1110 2692 1387 2771 populos.
1474 2689 1690 2748 delicta
1723 2688 1890 2746 fuere

351 2793 482 2861 550
520 2798 671 2854 tanti
703 2815 878 2854 causa
906 2796 1088 2867 mali3
1132 2794 1329 2851 fuerat
1355 2814 1479 2852 non
1506 2794 1682 2872 culpa
1710 2793 1994 2870 regentis.

608 2900 900 2957 Carcasan
922 2897 1102 2975 longe
1128 2897 1446 2975 glomerari
1469 2897 1720 2975 pulvere
1744 2895 1969 2952 nubem
2013 2917 2016 2922 ·

524 3003 890 3080 prospiciens
907 3044 924 3074 ,
968 3001 1277 3079 proprium
1300 3001 1600 3057 Nasamon
1620 3000 1747 3059 ,ciet
1772 3000 2029 3077 impiger
2057 3017 2294 3077 agmen,

528 3104 747 3162 talibus
779 3113 839 3161 et
863 3102 1037 3161 dictis
1063 3099 1420 3180 trepidantia
1450 3110 1690 3179 pectora
1722 3101 1939 3158 firmat.

519 3197 886 3264 “indomitae
910 3215 1148 3284 gentes,
1194 3221 1446 3283 quarum
1473 3222 1575 3260 me
1601 3205 1840 3281 cognita
1865 3205 2056 3264 virtus

357 3305 488 3374 555
528 3310 827 3367 Romanas
856 3310 1013 3366 acies
1038 3308 1219 3364 armis
1247 3315 1480 3363 tentare
1506 3309 1692 3363 suasit
1709 3350 1726 3381 ,

532 3406 682 3468 haec
709 3419 801 3467 est
823 3411 930 3468 illa
959 3409 1089 3469 dies
1109 3407 1277 3467 vobis
1308 3426 1427 3488 qua
1455 3409 1726 3485 corniger
1748 3410 2011 3468 Ammon

532 3514 807 3591 promisit
826 3513 1009 3570 fatale
1038 3512 1258 3570 solum.
1331 3529 1492 3568 nunc
1518 3511 1600 3568 ite
1633 3530 1743 3588 per
1768 3507 1973 3569 hostes

533 3614 818 3696 intrepidi
847 3616 1016 3675 tells:
1061 3615 1282 3695 patrias
1311 3609 1492 3671 modo
1518 3611 1766 3692 pandite
1793 3610 2041 3688 lauden

537 3720 791 3799 quisque
819 3735 1003 3773 manu
1032 3729 1295 3794 pugnate
1325 3728 1553 3792 truces,
1616 3725 1675 3774 et
1703 3712 1870 3773 fidite
1900 3716 2063 3774 fatis.

364 3819 493 3885 560
531 3824 779 3878 munina
804 3837 1025 3897 magna
1048 3821 1294 3878 iuvant:
1324 3877 1327 3884 ,
1355 3816 1591 3877 dabitur
1624 3820 1866 3876 victoria
1895 3819 2104 3891 nobie,

538 3921 793 3995 credite,
840 3931 1032 3995 certa,
1076 3922 1210 3979 viri.
1295 3931 1531 4000 turpem
1559 3931 1860 3979 removete
1888 3938 2190 4000 pavorem,

539 4033 599 4081 et
626 4025 832 4083 solitas
858 4027 1015 4084 vires
1044 4026 1394 4105 animosque
1422 4026 1487 4083 in
1515 4024 1743 4102 proelia
1769 4015 1989 4081 ferte.”

363 4203 475 4259 528
509 4205 744 4275 magistro
764 4206 796 4257 ’ἒ
830 4226 899 4260 au
923 4207 1191 4261 minister?
1342 4208 1446 4262 530
1478 4206 1523 4258 is
1548 4209 1599 4260 Τ
1729 4204 1832 4260 534
1867 4205 2086 4258 suadere
2113 4206 2164 4259 Τ
2297 4201 2400 4258 335
2438 4195 2576 4250 aria-

364 4273 445 4325 fit
468 4273 520 4324 Τ
695 4277 801 4330 537
836 4286 1011 4346 patres
1041 4279 1091 4329 Τ
1278 4279 1379 4332 538
1415 4275 1609 4328 sicot-us
1639 4277 1712 4339 T,
1749 4292 1960 4328 securus
1986 4276 2045 4328 Μ
2237 4272 2339 4326 547
2375 4281 2576 4339 preme-

365 4344 500 4396 bant.
526 4345 575 4398 Τ
704 4346 808 4400 548
841 4347 960 4400 dum
980 4347 1124 4417 apud
1147 4347 1208 4401 M
1341 4343 1446 4400 550
1480 4349 1658 4413 causa]
1695 4355 1873 4398 nostra
1902 4347 1950 4398 Τ
2081 4343 2186 4399 553
2220 4340 2403 4394 edictis
2431 4340 2492 4391 Τ.
