3210 5200
948 409 1261 480 TUSTI'NI
1303 410 1662 481 Mmoms
1707 412 1867 480 Lm.
1903 410 2023 480 IV.

566 599 677 637 nec
709 578 895 636 virtus
933 574 1247 636 hominum
1273 598 1385 637 neo
1407 599 1615 641 sensus
1643 574 1858 636 sufficit
1886 579 2066 639 ullus.

565 684 743 739 fontis
774 680 997 738 Niliaci
1027 682 1079 738 si
1112 679 1429 761 quisquam
1458 691 1560 739 aut
1594 678 1829 740 hauriat
1861 678 2049 739 undas

569 795 625 841 et
657 785 855 858 bibat,
901 793 1002 841 aut
1028 781 1248 841 bibulis
1279 782 1436 841 rivos
1466 781 1708 841 inducat
1740 780 1954 855 arenis,

398 889 520 951 170
562 888 690 964 ipse
720 884 966 965 quidem
992 887 1239 944 satiatur
1264 884 1468 965 aquis,
1514 888 1803 945 satiantur
1832 894 1891 941 et
1922 882 2067 959 agri,

565 985 669 1045 sed
703 1007 850 1066 quos
878 987 982 1045 ille
1009 990 1160 1066 rigat
1177 1033 1194 1061 ‚
1233 989 1428 1045 fontes
1455 997 1514 1045 et
1542 985 1787 1044 ssumina
1823 987 2034 1063 replet,

566 1101 626 1147 et
650 1092 891 1168 praebet
922 1092 1117 1168 largas
1148 1087 1385 1147 haurire
1413 1088 1752 1149 volentibus
1785 1088 1998 1147 undas-

567 1211 718 1272 quae
748 1194 897 1249 circa
929 1191 1205 1251 dominos
1236 1198 1508 1269 aptamus
1537 1202 1673 1250 vota
1692 1237 1709 1267 ‚
1754 1192 2107 1269 probamus:

567 1293 711 1353 dum
741 1298 1006 1352 canimus
1034 1296 1402 1374 colimusque
1430 1296 1592 1373 pios,
1637 1307 1990 1353 veneramur
2019 1299 2281 1359 ovantes,

395 1396 520 1461 175
564 1415 711 1476 quos
738 1394 877 1453 dum
907 1396 1255 1469 laudamus,
1299 1394 1541 1455 laudem
1571 1396 1647 1456 de
1668 1395 1847 1454 laude
1877 1414 2193 1465 meremur,

565 1508 623 1555 et
647 1498 900 1555 fruimur
927 1498 1149 1556 maiore
1179 1499 1370 1556 bono:
1413 1517 1555 1555 nam
1583 1496 1721 1556 diva
1747 1516 2011 1575 propago

560 1598 859 1657 humanae
888 1600 977 1656 nil
1007 1598 1204 1658 laudis
1237 1611 1404 1677 eget,
1448 1598 1556 1657 sed
1587 1610 1723 1658 vota
1750 1599 2035 1661 clientum

561 1712 803 1781 pensat,
851 1698 1213 1780 devotosque
1242 1702 1355 1759 sibi
1385 1703 1603 1779 pietate
1640 1713 1898 1760 coronat.

558 1805 769 1862 fertilis
796 1801 894 1860 bic
922 1806 1184 1880 Augusta
1222 1820 1436 1861 manus
1462 1803 1732 1883 felixque
1760 1802 1949 1862 videri

396 1910 519 1970 180
558 1908 693 1985 plus
716 1905 906 1962 voluit
924 1948 939 1977 ‚
990 1907 1343 1984 nullumque
1366 1924 1475 1963 suo
1501 1907 1799 1983 praeferre
1828 1905 2047 1964 favori:

558 2027 815 2087 namque
844 2008 982 2066 illos
1014 2005 1186 2065 donis
1221 2012 1565 2088 conscriptis
1590 2010 1857 2087 patribus
1886 2026 2104 2087 aequos

559 2132 687 2169 esse
716 2108 912 2181 dedit,
957 2128 1094 2165 oum
1125 2107 1303 2169 distet
1332 2109 1542 2169 honor.
1628 2112 1947 2189 Vigilantia
1986 2109 2200 2165 nostris

559 2208 674 2268 boc
698 2213 913 2268 meruit
946 2215 1212 2292 carisque
1238 2214 1445 2272 favens
1475 2214 1776 2291 Sapientia
1803 2213 2027 2283 Musis3
2099 2272 2106 2279 ,

560 2311 785 2370 doctior
810 2324 867 2372 et
898 2317 1174 2394 princeps
1203 2317 1367 2371 novit
1397 2314 1557 2394 quod
1587 2316 1781 2373 littera
1817 2332 2016 2369 rerum

394 2413 513 2479 185
557 2433 692 2492 pars
718 2435 935 2493 magna
966 2428 1054 2474 est
1084 2436 1458 2495 magnusque
1489 2417 1660 2473 labor
1685 2414 2076 2475 scribentibus
2106 2413 2300 2466 instet.

554 2520 821 2594 protinus
851 2518 1060 2576 officiis
1086 2538 1384 2576 summam
1414 2519 1742 2579 tutantibus
1771 2518 1989 2588 aulam,

558 2620 860 2679 ordinibus
887 2623 1140 2699 propriis
1175 2631 1232 2678 et
1264 2621 1456 2700 prisco
1484 2642 1650 2680 more
1678 2621 1916 2692 notatiS,

556 2740 662 2799 per
686 2720 919 2781 scholas
954 2734 1297 2803 turmasque
1330 2744 1577 2798 vocans,
1622 2726 1720 2803 pia
1751 2722 2013 2801 praemia
2049 2715 2311 2798 gaudens

558 2825 824 2901 praebuit
843 2869 859 2900 ‚
904 2836 961 2883 et
981 2825 1129 2885 fidos
1155 2828 1366 2906 opibus
1396 2825 1604 2884 ditavit
1635 2828 1910 2884 alumnos

393 2925 512 2988 190
553 2945 657 3004 pro
686 2929 912 2986 meritis
940 2927 1339 3010 gradibusque
1364 2932 1507 2988 suis.
1593 2928 1758 2988 idem
1793 2927 2032 2986 inclitus
2062 2943 2266 2981 omues

551 3032 867 3103 nutrierat,
912 3032 1165 3110 vivoque
1200 3034 1380 3089 etiam
1415 3033 1680 3110 genitore
1709 3030 1970 3110 regebat.

551 3141 724 3188 natus
751 3132 813 3188 iu
843 3132 1093 3211 imperio
1110 3179 1125 3209 ,
1170 3133 1368 3192 media
1398 3138 1653 3194 nutritus
1679 3137 1743 3192 iu
1768 3134 1903 3190 aula

553 3233 707 3291 inter
731 3234 1104 3293 alumnorum
1129 3256 1410 3296 numeros
1440 3249 1759 3316 coetusque
1788 3234 2014 3303 fideles,

554 3337 796 3393 nomina
825 3349 1197 3412 cunctorum,
1243 3351 1587 3397 cunctorum
1605 3347 1853 3397 noverat
1881 3348 2064 3408 actus,

392 3436 513 3500 195
558 3457 760 3496 omnes
786 3442 947 3498 mitIs
975 3461 1181 3499 amans
1201 3485 1216 3514 ‚
1263 3461 1470 3499 omues
1496 3444 1715 3519 pietate
1739 3449 1983 3519 paterna

556 3557 787 3618 semper
814 3544 981 3601 alens
1014 3564 1365 3624 semperque
1397 3563 1682 3615 monensr,
1729 3545 1960 3618 rituque
1990 3537 2234 3614 regendi

555 3645 810 3701 continet
836 3647 964 3722 ipse
991 3664 1128 3703 suos
1148 3650 1449 3726 nutritque
1475 3647 1755 3724 fovetque
1785 3645 2049 3712 clientes,

549 3744 833 3823 providus
855 3757 920 3804 ut
950 3757 1151 3826 pastor
1170 3792 1186 3823 ‚
1236 3750 1416 3826 longo
1444 3752 1547 3829 qui
1573 3759 1841 3826 tempore
1866 3754 2066 3802 tauros

550 3847 964 3929 lanigerosque
993 3868 1205 3927 greges
1234 3849 1500 3910 herbosis
1528 3853 1694 3929 pavit
1725 3853 1786 3906 in
1819 3849 1997 3925 agris,

383 3949 511 4009 200
554 3952 751 4006 omnia
780 3970 931 4031 quae
963 3955 1161 4030 posuit
1192 3963 1493 4011 taurorum
1519 3956 1763 4012 nomina
1792 3956 1993 4024 novit3

554 4069 812 4107 crescere
844 4051 1128 4111 dilectum
1152 4054 1369 4131 gaudet
1394 4076 1608 4134 pecus,
1650 4058 1830 4114 intrat
1855 4057 2032 4128 ovile,

557 4146 836 4209 discernit
862 4163 1095 4214 teneros
1128 4167 1188 4214 et
1216 4160 1279 4215 iu
1305 4179 1493 4216 unum
1524 4170 1842 4238 congregat
1865 4177 2049 4236 agnos

553 4255 793 4311 nomina
821 4265 960 4314 nota
993 4277 1239 4318 vocans:
1284 4261 1484 4320 audita
1512 4282 1655 4320 voce
1685 4271 2031 4342 sequuntur,

552 4369 876 4433 agnoscunt
906 4356 1241 4436 dominum,
1294 4366 1651 4444 pulsantque
1676 4363 1968 4422 balatibus
1997 4380 2187 4432 auras„

2433 415 2576 481 203
