3210 5200
949 446 1064 513 DE
1112 444 1522 514 LAUDIBUS
1568 443 1901 513 rusum.
2355 445 2505 520 429

347 634 439 675 ms
466 613 791 693 legeretur:
832 630 1021 670 aurea
1042 620 1098 670 et
1122 621 1371 668 uzu-acm
1394 612 1584 668 crines
1608 611 1941 689 cripta-oque
1962 608 2250 669 rubentes.
2295 631 2506 673 verum

347 721 425 758 ex
448 702 552 767 illo
575 698 904 775 Virgiliano
927 698 1078 754 Aen.
1107 699 1144 759 8
1164 712 1180 752 t
1224 706 1279 752 et
1302 715 1514 752 conum
1538 697 1794 774 insignis·
1816 695 2032 773 galeae
2056 697 2376 775 cristaeque
2404 717 2503 756 eo—

344 795 574 842 mantes
587 825 610 853 ,
654 793 831 861 atque
865 781 1049 839 altero
1091 781 1155 837 iu
1195 783 1268 843 9:
1307 782 1505 858 ipsum
1540 778 1719 837 illum
1744 779 2014 856 clypeum
2049 781 2372 858 cristasque
2397 803 2504 840 rw-

343 867 565 937 hensa,
607 867 783 924 facile
830 866 1000 922 nobis
1044 862 1289 922 tandem
1322 862 1601 922 indubiae
1635 867 2113 946 certissimaeque
2144 869 2514 934 coniecturae

338 953 457 1011 lux
476 949 773 1032 quaedam
800 948 1040 1008 effulsit.
1082 952 1263 1006 Bmz.
1347 948 1501 1006 bene
1528 950 1864 1007 restitutum
1895 952 2234 1027 cristasque.
2309 953 2510 1008 maxi-

340 1057 477 1095 mus
505 1037 741 1114 Lipsius
768 1036 830 1091 in
854 1034 1065 1091 militia
1093 1036 1379 1092 Romana.
1464 1033 1825 1092 Claudianus
1856 1031 1931 1091 de
1962 1031 2004 1097 4
2030 1036 2254 1092 Honor.
2293 1053 2507 1094 consu-

340 1122 504 1179 latu:
550 1119 765 1177 rutilus
797 1120 988 1176 emistis
1019 1129 1074 1174 et
1099 1118 1326 1176 οαεείᾰε
1356 1120 1565 1175 maior.
1653 1119 1936 1177 Dsursv.
2517 1125 2526 1134 ‘

508 1204 656 1270 242.
739 1202 1007 1280 lanceas]
1050 1200 1337 1260 mendum
1377 1213 1497 1276 est,
1552 1200 1661 1260 sed
1703 1205 1798 1260 cui
1839 1221 1951 1281 ego
1988 1199 2289 1260 medelam
2333 1199 2511 1259 adhi-

341 1290 484 1348 bere
504 1308 627 1346 nou
654 1306 914 1365 possum.
979 1287 1130 1344 forte
1161 1295 1250 1345 est
1275 1288 1637 1364 synaeresis,
1680 1306 1833 1367 quae
1861 1305 1990 1344 raro
2019 1284 2134 1344 hoc
2159 1285 2338 1344 modo
2366 1305 2510 1344 con-

342 1376 536 1450 tingit.
578 1374 857 1430 Deursr.
941 1381 1082 1429 nota
1116 1371 1438 1450 συνίζησεν.
1478 1373 1666 1429 Rrr'r.
1748 1369 2024 1430 hocloco
2056 1371 2273 1429 frustra
2303 1390 2510 1429 emen-

340 1455 644 1517 dationem
669 1465 854 1514 tentat
882 1456 1287 1534 Dempsterus.
1369 1457 1612 1522 Voucx.
1911 1515 1922 1525 ,
2404 1492 2412 1500 -

507 1539 653 1605 244.
737 1539 917 1598 aliud
949 1539 1213 1617 caelum]
1259 1535 1440 1602 ἄλλον
1471 1534 1518 1618 ἦ
1549 1539 1750 1619 ἕτερον
1782 1531 2077 1616 οὖρανόν,
2116 1535 2181 1620 id
2222 1547 2312 1596 est
2346 1537 2508 1596 caelo

342 1626 553 1690 simile.
643 1627 728 1683 sic
755 1622 932 1698 ἄλλος
957 1623 1252 1704 Ἡρακλῆς
1276 1623 1490 1681 dicitur
1514 1625 1620 1703 qui
1644 1625 1885 1682 Herculi
1913 1625 2124 1682 similis
2157 1631 2246 1681 est
2276 1623 2506 1682 robore.

343 1712 429 1768 sic
459 1712 575 1767 alia
602 1708 679 1767 ad
707 1708 958 1766 eandem
980 1710 1201 1766 faciem
1224 1706 1380 1766 dicta
1407 1710 1634 1787 passim
1661 1709 1940 1786 reperiam
2024 1710 2209 1766 Rrrr.

510 1795 653 1856 253.
737 1814 982 1851 caveam
1021 1790 1121 1850 hic
1156 1812 1264 1871 pro
1303 1804 1580 1862 caveant,
1621 1791 1783 1872 quod
1826 1811 2137 1869 perperam
2175 1791 2504 1868 legebatur,

345 1880 714 1957 reposuimus
740 1877 926 1936 adiuti
952 1879 1184 1955 Virgilii
1211 1879 1469 1934 carmine
1498 1879 1652 1935 Aen.
1671 1876 1743 1938 6:
1787 1876 1887 1933 hic
1915 1885 2101 1933 totum
2126 1895 2340 1933 caveae
2362 1895 2503 1933 con-

345 1983 566 2022 sessum
606 1965 885 2042 ingentis,-
928 1960 1091 2041 quod
1130 1962 1336 2040 procul
1372 1960 1553 2019 dubio
1599 1962 1886 2038 Gorippus
1927 1956 2041 2017 hoo
2079 1961 2207 2017 loco
2243 1961 2509 2018 imitatus

344 2059 455 2107 est.
497 2048 679 2105 Rmz.
766 2056 919 2105 recte
950 2057 1273 2104 correctum
1307 2065 1578 2115 caveam,
1618 2044 1936 2102 manifesto
1973 2062 2183 2102 sensu:
2225 2063 2367 2101 nam
2402 2063 2506 2101 ca-

343 2151 454 2191 vea
480 2132 644 2190 locus
667 2132 824 2190 feras
849 2132 1181 2209 spectaculo
1211 2125 1531 2189 destinatas
1562 2126 1924 2187 asservandi.
1995 2127 2145 2186 Stat.
2171 2128 2321 2187 Silv.
2346 2132 2386 2191 2
2427 2126 2467 2190 5
2483 2144 2504 2184 :

343 2226 463 2273 stat
494 2218 735 2274 cardine
767 2225 967 2292 aperto
997 2214 1208 2292 infilix
1244 2234 1446 2272 cavea.
1535 2213 1675 2271 silv.
1711 2215 1744 2275 1
1777 2214 1887 2270 ult.
1933 2210 2180 2291 (omitto
2212 2211 2395 2270 libros
2431 2209 2511 2268 de

346 2319 416 2357 ea
448 2319 511 2356 re
540 2295 935 2378 compositos)
978 2318 1107 2355 ecce
1133 2308 1332 2354 autem
1363 2317 1576 2356 caveas
1600 2295 1762 2355 subit
1781 2316 1895 2374 per
1921 2316 2138 2353 omnes.
2225 2296 2510 2354 Dnu’sr.

512 2383 657 2447 254.
742 2401 875 2440 mos
919 2379 1019 2438 hio
1063 2393 1347 2459 receptus.
1370 2384 1433 2438 in
1475 2381 1826 2459 spectaculis
1865 2378 2139 2452 ludicris,
2180 2390 2249 2437 ut
2287 2380 2514 2438 bestiae

345 2465 712 2525 introductae
752 2469 814 2524 in
857 2485 1097 2524 arenam
1126 2484 1375 2523 cernuae
1403 2466 1854 2543 procumberent
1883 2475 1942 2521 et
1968 2465 2265 2543 principes
2294 2462 2509 2522 adora-

346 2562 499 2610 rent.
583 2546 955 2611 doctissimus
995 2551 1336 2610 mortalium
1373 2552 1674 2610 Marcilius
1696 2548 1773 2609 ad
1798 2550 2018 2609 librum
2040 2549 2509 2628 spectaculorum

345 2636 603 2695 Martial.
633 2657 726 2715 ep.
760 2641 836 2700 17
850 2653 868 2693 ε
913 2635 1076 2713 quod
1088 2637 1236 2713 pius
1265 2646 1319 2691 et
1346 2635 1596 2712 supplex
1621 2634 1859 2712 elephas
1885 2644 1965 2705 te,
1999 2635 2244 2704 Caesar,
2267 2633 2500 2691 adorat.

345 2721 623 2782 Dsm’sr.

516 2807 659 2868 258.
741 2803 987 2861 ultimus
1011 2800 1201 2861 editor
1241 2800 1573 2881 (Goetzius)
1617 2803 1916 2862 substituit
1943 2799 1983 2865 ὅ
1999 2795 2164 2865 πάνυ
2176 2845 2196 2878 ,
2239 2802 2510 2880 inficio

347 2892 607 2965 suspexit
645 2889 844 2946 Avar.
936 2898 995 2945 at
1026 2889 1078 2946 si
1102 2884 1415 2945 Menandri
1444 2897 1722 2965 excerpta
1749 2888 2161 2959 consuluisset,
2204 2887 2366 2944 facili
2393 2905 2509 2943 ne-

345 2975 505 3051 gotio
532 2975 817 3051 potuisset
840 2969 1307 3029 animadvertere
1326 2989 1548 3029 nomen
1569 2973 1782 3030 Avaris
1804 2972 1987 3029 latere
2005 3015 2021 3045 ‚
2065 2974 2167 3050 qui
2191 2971 2507 3049 legationis

343 3060 618 3136 princeps
641 3055 719 3115 ad
743 3058 1030 3115 Iustinum
1055 3057 1273 3116 missus
1299 3056 1524 3130 fuerat3
1568 3067 1745 3136 atque
1773 3054 1921 3114 adeo
1950 3053 2327 3114 scribendum
2365 3056 2508 3112 Ter-

337 3144 527 3223 gilius
552 3141 651 3198 vel
689 3142 990 3219 Targitius
1013 3142 1275 3218 staepaxit
1294 3141 1494 3197 Avar.
1539 3139 1679 3198 vide
1707 3138 2120 3198 Menandrum.
2204 3140 2443 3198 Voncx.

514 3224 595 3284 ib.
701 3226 998 3304 Tar-giles]
1037 3226 1225 3295 tribus
1255 3225 1496 3282 inlocis
1522 3225 1822 3303 Emer-pta
1848 3222 2159 3282 Menandri
2190 3222 2264 3281 de
2292 3224 2507 3301 legatis

346 3312 610 3369 Avarum
647 3307 724 3367 ad
753 3311 1046 3367 lustinum
1082 3318 1296 3387 agunt,
1337 3306 1447 3366 sed
1477 3311 1829 3385 posteriores
1865 3307 1983 3367 duo
2027 3307 2105 3365 ad
2139 3327 2322 3366 unam
2357 3326 2504 3366 ean-
2617 3318 2620 3319 ’

351 3390 603 3473 demque
634 3394 880 3451 alteram
904 3394 1263 3471 legationem
1289 3391 1605 3449 manifesto
1633 3394 1948 3469 pertinent.
2032 3393 2319 3470 Corippus
2346 3393 2506 3450 cele-

347 3475 483 3534 brat
523 3479 805 3553 primam,
849 3474 922 3534 de
964 3497 1079 3558 qua
1107 3480 1172 3535 in
1199 3477 1392 3554 primo
1417 3477 1715 3553 Excerpto
1733 3520 1750 3549 ,
1794 3475 1897 3532 ubi
1930 3476 2069 3533 licet
2097 3486 2289 3534 cetera
2312 3477 2505 3535 fusius

352 3571 721 3633 enarrentur,
793 3563 1272 3639 praetermissum
1326 3569 1416 3617 est
1472 3568 1676 3617 tamen
1727 3560 1910 3635 legati
1961 3562 2226 3617 Avarum
2264 3578 2507 3634 nomen,

349 3642 517 3724 quod
539 3644 749 3702 lateret
780 3647 1050 3718 omnino,
1092 3647 1210 3704 nisi
1237 3654 1527 3703 constaret
1552 3662 1634 3702 ex
1660 3642 1890 3703 duobus
1911 3643 2045 3701 aliis
2072 3644 2311 3701 alterius
2337 3644 2507 3721 lega-

348 3731 525 3787 tionis
550 3732 880 3808 Excerptis‚
918 3732 982 3786 in
1009 3749 1262 3811 quorum
1284 3748 1404 3787 uno
1430 3726 1578 3786 hae'o
1596 3730 1908 3807 leguntur:
1951 3730 2110 3786 venit
2133 3727 2324 3786 denuo
2358 3730 2512 3787 Tar*-

341 3815 556 3892 giam,
598 3825 667 3871 ut
698 3815 991 3894 legatione
1007 3815 1374 3894 fungeretur
1405 3812 1582 3891 apud
1612 3815 2037 3891 imperatorem.
2128 3812 2330 3870 eadem
2375 3832 2511 3872 vero

347 3898 501 3955 davit
534 3898 872 3974 imperatori
901 3910 957 3956 et
983 3899 1220 3957 audivit
1246 3897 1323 3955 ab
1351 3899 1729 3975 imperdere,
1775 3918 1929 3977 quae
1962 3908 2140 3956 antea
2171 3899 2513 3975 imperatori

347 3980 581 4039 dcoeerat
604 3992 660 4038 et
686 4004 839 4062 quae
869 4003 912 4041 a
942 4004 1004 4041 se
1027 3984 1202 4041 dictis
1224 3982 1673 4059 ab·imper·atore
1701 4003 1979 4060 responsa
2005 3982 2241 4040 tulerat.
2329 3984 2511 4061 igitur

345 4066 1203 4213 {Qissffi‘fflffflffl
1219 4068 2085 4214 ’Tifffiul'dibminffldpissi
2101 4068 2294 4210 ’.ἶὸἷὲ
2320 4086 2511 4209 ῗῖἓέζ

348 4231 661 4290 Menandri
699 4237 995 4315 Excerpto
1033 4238 1283 4316 legitur,
1336 4174 1608 4315 {zat-git&
1628 4174 1971 4318 αἷζργῗτξῖςς
2035 4246 2094 4294 et
2139 4234 2281 4295 hinc
2319 4233 2505 4293 habes

348 4313 510 4374 unde
550 4318 614 4376 in
651 4315 765 4375 hoc
804 4321 1045 4400 Corippi
1081 4341 1257 4381 versu
1287 4322 1643 4380 rem‘tuerim
1682 4323 1972 4399 Tar-gius,
2014 4331 2307 4400 expuncta
2328 4337 2506 4378 mon-

349 4403 751 4463 strosaBuizii
781 4405 1036 4474 lectione
1067 4416 1154 4467 ur
1178 4408 1383 4486 gaxis,
1418 4408 1483 4465 in
1512 4424 1631 4488 qua
1657 4406 1859 4467 nullus
1888 4415 2014 4465 erat
2040 4424 2265 4469 sensus.
2306 4406 2505 4464 Foco.
