3210 5200
644 318 744 389 38
1092 281 2132 384 v·⁸conn>1›1·1

821 495 963 544 tuno
985 493 1238 564 pereunt
1266 483 1521 543 miserae
1547 480 1784 563 dirupto
1811 485 1956 543 fime
1973 484 2233 560 carinae,

821 599 883 646 et
911 588 1111 666 pelagi
1144 585 1323 646 duros
1350 586 1591 645 tabulae
1621 588 1854 644 iacuere
1885 605 1994 665 per
2020 601 2194 664 agros

821 710 1002 769 saepe
1030 691 1171 748 ratis
1190 732 1207 763 ,
1248 698 1572 767 putresque
1600 687 1782 746 simul
1805 707 1913 765 per
1939 691 2208 765 gramina
2223 703 2462 769 ‘prot-ae.
2519 713 2522 722 ·

826 789 969 850 hinc
996 803 1085 851 est
1117 788 1277 872 quod
1303 798 1577 849 metuunt
1597 790 1956 869 fugiuntque
1985 793 2251 868 pericula
2275 805 2491 851 nautae

659 893 780 960 365
826 892 954 952 dira
980 895 1129 966 loci3
1172 902 1466 971 portuque
1494 901 1707 968 petunt
1735 890 1889 949 vada
1917 900 2047 949 tuta
2075 896 2301 974 quieto.

910 995 1022 1053 1110
1052 997 1356 1053 Romanae
1381 1003 1664 1051 steterant
1686 995 1750 1051 iu
1780 994 1954 1051 litore
1971 995 2217 1070 classes,

822 1109 1087 1177 tempore
1113 1117 1231 1177 quo
1251 1097 1505 1175 Libycas
1530 1098 1725 1174 tetigit
1751 1097 2071 1154 Belisarius
2102 1115 2255 1172 oras,

824 1197 1194 1260 Vandalicas·
1207 1209 1484 1278 capturus
1514 1216 1692 1278 opes3
1738 1205 1887 1278 q'uos
1911 1201 2152 1257 nomine
2175 1212 2380 1279 portus

827 1302 1057 1360 alterna
1087 1322 1196 1381 pro
1224 1311 1393 1382 parte
1421 1301 1615 1378 Caput
1639 1297 1844 1357 dixere
1867 1297 2169 1359 vadorum

658 1408 784 1470 370
826 1404 1055 1484 antiqui
1079 1414 1319 1462 nautae.
1404 1403 1652 1462 veniens
1676 1400 1776 1460 hio
1802 1402 1934 1460 vela
1966 1403 2207 1461 resolvit

827 1503 954 1564 dux
978 1525 1215 1586 quoque
1242 1505 1661 1584 magnanimus
1688 1505 1873 1561 simili
1899 1506 2115 1562 virtute
2142 1502 2460 1569 Iohannes.

823 1607 977 1666 felix
1002 1607 1106 1665 ille
1132 1609 1332 1682 locus,
1377 1607 1552 1665 statio
1577 1624 1697 1684 quo
1722 1615 1847 1662 tuta
1870 1608 2099 1664 Latinis

824 1700 1112 1767 classibus
1144 1718 1322 1787 atque
1349 1703 1612 1765 secunda
1639 1706 1773 1762 fuit.
1857 1715 2001 1764 tuno
2031 1726 2242 1767 ancora
2268 1730 2470 1773 morsu

824 1809 947 1868 fixa
970 1830 1079 1868 suo
1105 1811 1297 1868 tenuit
1325 1826 1560 1867 securas
1586 1807 1758 1865 litore
1781 1826 2034 1886 puppes.

656 1910 780 1978 3⁷5
822 1914 1067 1991 agnovit
1094 1922 1299 1991 portus
1327 1909 1537 1969 ductor
1557 1909 1916 1968 fortissimus
1943 1911 2099 1986 illos,

825 2015 1181 2094 gavisusque
1204 2015 1353 2073 locis
1378 2011 1563 2090 digito
1586 2014 1938 2070 monstravit
1962 2013 2035 2070 ab
2064 2010 2260 2088 undis,

827 2126 890 2175 et
916 2117 1095 2175 sociis
1117 2116 1421 2175 siclaetus
1454 2117 1558 2172 ait.
1633 2105 1812 2172 “omn
1839 2117 2032 2193 prima
2059 2121 2329 2176 tenerent

829 2217 1069 2276 ultrices
1095 2215 1246 2275 haec
1275 2236 1414 2276 arva
1442 2225 1599 2274 rates
1615 2260 1632 2290 ‚
1674 2213 1792 2273 hoc
1815 2217 1988 2275 litore
2014 2219 2243 2296 primus

827 2321 957 2399 ipse
988 2319 1185 2378 solum
1213 2321 1386 2398 tetigi
1403 2363 1421 2395 ,
1464 2319 1654 2376 fretus
1679 2319 2039 2377 iuvenilibus
2065 2320 2283 2378 armis:

659 2425 787 2490 880
828 2442 910 2481 ex
938 2417 1187 2480 ducib'us
1218 2441 1481 2502 namque
1507 2439 1665 2478 unus
1695 2439 1880 2478 eram.
1966 2441 2104 2479 oum
2132 2429 2363 2502 sceptra
2393 2433 2678 2505 tyrannus

828 2526 1118 2586 Geilamir
1140 2528 1205 2582 in
1234 2525 1476 2606 Libycis
1509 2523 1800 2581 tenuisset
1820 2521 2081 2602 perfidus
2108 2526 2246 2599 oris,

829 2627 944 2688 has
966 2631 1237 2687 Romana
1261 2646 1477 2685 manus
1504 2628 1698 2704 primo
1727 2624 1881 2704 pede
1909 2629 2124 2706 pressit
2149 2646 2393 2705 arenas3

827 2729 930 2789 hio
960 2732 1213 2810 Libycas
1242 2730 1469 2807 potavit
1500 2712 1718 2807 aquas,
1762 2726 1878 2786 hoc
1905 2731 2176 2806 margine
2205 2731 2400 2794 fossas

830 2843 974 2891 tuno
1001 2834 1198 2911 posuit
1222 2831 1429 2907 primis
1457 2831 1702 2887 venietis
1734 2832 2029 2889 exercitus
2056 2834 2260 2891 armis.

664 2932 787 2998 885
829 2935 933 2992 ille
962 2933 1168 3012 procul
1199 2930 1499 3005 tumulus,
1543 2932 1755 2988 vicinis
1784 2933 2095 3010 proximus
2120 2932 2319 3012 undis,

834 3036 1071 3092 cernitis
1101 3044 1167 3091 ut
1189 3034 1358 3089 molli
1385 3032 1699 3109 congestus
1723 3043 1945 3092 crescat
1974 3036 2155 3092 arena

829 3135 1159 3193 mobilitate
1186 3131 1396 3219 Nutu,
1452 3130 1661 3192 ductor
1683 3136 2006 3194 Belisarius
2037 3137 2165 3196 illic

784 3216 789 3225 x
831 3239 1007 3296 altius
1037 3238 1320 3314 imposuit
1347 3236 1572 3294 cunctis
1599 3238 1853 3295 tentoria
1880 3240 2088 3315 signis,
2308 3278 2348 3325 Ψ

834 3359 1016 3418 quem
1044 3342 1271 3397 oircmn'
1289 3358 1538 3418 posuere
1574 3336 1756 3399 duces
1788 3341 2069 3422 mistique
2093 3344 2337 3402 tribuni.

666 3443 791 3504 890
830 3438 947 3499 hoc
974 3461 1117 3521 ego,
1161 3461 1446 3520 germano
1472 3445 1697 3521 pariter
1725 3444 2043 3504 comitante
2070 3445 2262 3519 beato,

834 3554 1023 3605 castra
1048 3545 1179 3603 loco
1204 3545 1391 3603 tenui.
1476 3562 1636 3620 sorS,
1680 3543 1830 3620 heu,
1877 3543 2190 3606 durissima
2216 3547 2346 3622 fati,

830 3642 1110 3705 humanis
1140 3650 1381 3707 inimica
1410 3644 1612 3705 bonis!
1699 3668 1735 3705 o
1770 3646 1987 3727 gaudia
2013 3649 2266 3706 fratrum

837 3758 1058 3824 quanta
1094 3751 1249 3827 rapit
1276 3747 1470 3807 subito
1502 3750 1748 3809 veniens
1773 3769 1932 3809 mors
1957 3768 2132 3808 saeva
2161 3749 2429 3828 piorum!

670 3922 675 3935 1
833 3868 952 3928 qua
983 3852 1197 3909 virtute
1221 3851 1485 3908 fremens
1510 3870 1829 3927 gemianus
1857 3852 2107 3930 perculit
2131 3851 2331 3910 hostes

667 3948 791 4010 395
835 3951 938 4007 ille
964 3971 1135 4011 meus
1152 3994 1172 4027 ‚
1213 3954 1520 4031 sociosque
1549 3953 1738 4012 bouus
1769 3974 1889 4034 qua
1916 3963 2118 4012 mente
2147 3950 2409 4030 regendo

664 4131 766 4188 364
797 4150 898 4215 que
919 4134 1043 4187 add.
1060 4130 1129 4187 'M
1282 4135 1383 4190 365
1417 4133 1680 4205 portisque
1705 4135 1755 4186 Τ
1898 4133 2024 4187 ibid.
2061 4131 2237 4205 quiete
2262 4135 2311 4188 Τ
2465 4135 2569 4188 377
2601 4133 2717 4185 «lom
2742 4133 2851 4186 MT

663 4200 765 4326 {972
800 4202 1261 4342 :ggieffitllgffl
1306 4204 1368 4257 Μ
1415 4213 1465 4258 σε
1510 4205 1610 4257 Ιιοσ
1655 4204 1769 4258 loco
1817 4210 1870 4257 et
1906 4206 1964 4256 ἱη
1999 4203 2186 4256 indice.
2393 4203 2495 4259 ³85
2537 4204 2760 4257 tumidus
2802 4201 2851 4255 Τ
