<?xml version="1.0" encoding="UTF-8"?>
<!DOCTYPE html PUBLIC "-//W3C//DTD XHTML 1.0 Transitional//EN"
    "http://www.w3.org/TR/xhtml1/DTD/xhtml1-transitional.dtd">
<html xmlns="http://www.w3.org/1999/xhtml" xml:lang="en" lang="en">
 <head>
  <title>
</title>
<meta http-equiv="Content-Type" content="text/html;charset=utf-8" />
  <meta name='ocr-system' content='tesseract 3.04.00' />
  <meta name='ocr-capabilities' content='ocr_page ocr_carea ocr_par ocr_line ocrx_word'/>
</head>
<body>
  <div class='ocr_page' id='page_1' title='image "./carminumpanegyr00niebgoog_0172.png"; bbox 0 0 3210 5200; ppageno 0'>
   <div class='ocr_carea' id='block_1_1' title="bbox 667 421 1935 498">
    <p class='ocr_par' dir='ltr' id='par_1_1' title="bbox 667 421 1935 498">
     <span class='ocr_line' id='line_1_1' title="bbox 667 421 1935 498; baseline -0.005 0"><span class='ocrx_word' id='word_1_1' title='bbox 667 421 774 498; x_wconf 82' lang='grc'><strong>96</strong></span> <span class='ocrx_word' id='word_1_2' title='bbox 1597 421 1935 493; x_wconf 66' lang='lat' dir='ltr'><strong>compr!</strong></span> 
     </span>
    </p>
   </div>
   <div class='ocr_carea' id='block_1_2' title="bbox 673 587 2479 2914">
    <p class='ocr_par' dir='ltr' id='par_1_2' title="bbox 673 587 2479 2914">
     <span class='ocr_line' id='line_1_2' title="bbox 841 587 2174 672; baseline -0.001 -21"><span class='ocrx_word' id='word_1_3' title='bbox 841 589 1099 672; x_wconf 86' lang='lat' dir='ltr'><strong>assurgit</strong></span> <span class='ocrx_word' id='word_1_4' title='bbox 1124 588 1319 650; x_wconf 85' lang='lat' dir='ltr'><strong>laetus</strong></span> <span class='ocrx_word' id='word_1_5' title='bbox 1345 606 1566 670; x_wconf 86' lang='lat' dir='ltr'><strong>magno</strong></span> <span class='ocrx_word' id='word_1_6' title='bbox 1595 589 1859 650; x_wconf 83' lang='lat' dir='ltr'><strong>clamore</strong></span> <span class='ocrx_word' id='word_1_7' title='bbox 1884 587 2174 669; x_wconf 79' lang='lat' dir='ltr'><strong>magister</strong></span> 
     </span>
     <span class='ocr_line' id='line_1_3' title="bbox 676 691 2373 778; baseline -0.003 -25"><span class='ocrx_word' id='word_1_8' title='bbox 676 692 803 761; x_wconf 78' lang='lat'><strong>835</strong></span> <span class='ocrx_word' id='word_1_9' title='bbox 838 693 1171 778; x_wconf 18' lang='lat' dir='ltr'><strong>*exhortans</strong></span> <span class='ocrx_word' id='word_1_10' title='bbox 1197 694 1420 767; x_wconf 85' lang='lat' dir='ltr'><strong>socios,</strong></span> <span class='ocrx_word' id='word_1_11' title='bbox 1465 712 1732 772; x_wconf 82' lang='lat' dir='ltr'><strong>puppem</strong></span> <span class='ocrx_word' id='word_1_12' title='bbox 1762 695 2053 752; x_wconf 83' lang='lat' dir='ltr'><strong>convertit</strong></span> <span class='ocrx_word' id='word_1_13' title='bbox 2077 702 2138 749; x_wconf 87' lang='lat' dir='ltr'><strong>et</strong></span> <span class='ocrx_word' id='word_1_14' title='bbox 2165 691 2373 772; x_wconf 81' lang='lat' dir='ltr'><strong>altam,</strong></span> 
     </span>
     <span class='ocr_line' id='line_1_4' title="bbox 843 793 2214 875; baseline -0.001 -22"><span class='ocrx_word' id='word_1_15' title='bbox 843 796 1103 875; x_wconf 80' lang='lat' dir='ltr'><strong>velaque</strong></span> <span class='ocrx_word' id='word_1_16' title='bbox 1123 794 1371 873; x_wconf 84' lang='lat' dir='ltr'><strong>placatis</strong></span> <span class='ocrx_word' id='word_1_17' title='bbox 1394 793 1654 852; x_wconf 74' lang='lat' dir='ltr'><strong>intendit</strong></span> <span class='ocrx_word' id='word_1_18' title='bbox 1681 812 1964 874; x_wconf 83' lang='lat' dir='ltr'><strong>prospera</strong></span> <span class='ocrx_word' id='word_1_19' title='bbox 1993 793 2214 852; x_wconf 78' lang='lat' dir='ltr'><strong>ventis·</strong></span> 
     </span>
     <span class='ocr_line' id='line_1_5' title="bbox 843 894 2219 974; baseline -0.004 -17"><span class='ocrx_word' id='word_1_20' title='bbox 843 899 932 958; x_wconf 86' lang='lat' dir='ltr'><strong>sio</strong></span> <span class='ocrx_word' id='word_1_21' title='bbox 959 900 1146 955; x_wconf 82' lang='lat' dir='ltr'><strong>victos</strong></span> <span class='ocrx_word' id='word_1_22' title='bbox 1173 895 1426 974; x_wconf 86' lang='lat' dir='ltr'><strong>populos</strong></span> <span class='ocrx_word' id='word_1_23' title='bbox 1453 896 1790 974; x_wconf 70' lang='lat' dir='ltr'><strong>praefectus</strong></span> <span class='ocrx_word' id='word_1_24' title='bbox 1816 916 1962 954; x_wconf 83' lang='lat' dir='ltr'><strong>voce</strong></span> <span class='ocrx_word' id='word_1_25' title='bbox 1989 894 2219 969; x_wconf 77' lang='lat' dir='ltr'><strong>refecit,</strong></span> 
     </span>
     <span class='ocr_line' id='line_1_6' title="bbox 846 995 2313 1080; baseline -0.002 -23"><span class='ocrx_word' id='word_1_26' title='bbox 846 1010 1028 1080; x_wconf 87' lang='lat' dir='ltr'><strong>atque</strong></span> <span class='ocrx_word' id='word_1_27' title='bbox 1051 1008 1246 1056; x_wconf 86' lang='lat' dir='ltr'><strong>truces</strong></span> <span class='ocrx_word' id='word_1_28' title='bbox 1274 998 1506 1057; x_wconf 82' lang='lat' dir='ltr'><strong>animos</strong></span> <span class='ocrx_word' id='word_1_29' title='bbox 1533 998 1732 1057; x_wconf 81' lang='lat' dir='ltr'><strong>verbis</strong></span> <span class='ocrx_word' id='word_1_30' title='bbox 1760 995 1840 1055; x_wconf 83' lang='lat' dir='ltr'><strong>ad</strong></span> <span class='ocrx_word' id='word_1_31' title='bbox 1864 997 2093 1077; x_wconf 89' lang='lat' dir='ltr'><strong>proelia</strong></span> <span class='ocrx_word' id='word_1_32' title='bbox 2119 995 2313 1054; x_wconf 80' lang='lat' dir='ltr'><strong>torsit.</strong></span> 
     </span>
     <span class='ocr_line' id='line_1_7' title="bbox 924 1096 2479 1172; baseline -0.003 -13"><span class='ocrx_word' id='word_1_33' title='bbox 924 1104 1151 1159; x_wconf 89' lang='lat' dir='ltr'><strong>Bruten</strong></span> <span class='ocrx_word' id='word_1_34' title='bbox 1179 1100 1246 1158; x_wconf 86' lang='lat' dir='ltr'><strong>in</strong></span> <span class='ocrx_word' id='word_1_35' title='bbox 1275 1096 1595 1159; x_wconf 83' lang='lat' dir='ltr'><strong>adversum</strong></span> <span class='ocrx_word' id='word_1_36' title='bbox 1628 1102 1909 1158; x_wconf 84' lang='lat' dir='ltr'><strong>contorsit</strong></span> <span class='ocrx_word' id='word_1_37' title='bbox 1936 1098 2166 1156; x_wconf 75' lang='lat' dir='ltr'><strong>missile</strong></span> <span class='ocrx_word' id='word_1_38' title='bbox 2197 1098 2479 1172; x_wconf 85' lang='lat' dir='ltr'><strong>Paulum,</strong></span> 
     </span>
     <span class='ocr_line' id='line_1_8' title="bbox 675 1199 2263 1284; baseline -0.001 -24"><span class='ocrx_word' id='word_1_39' title='bbox 675 1201 803 1271; x_wconf 78' lang='grc'><strong>840</strong></span> <span class='ocrx_word' id='word_1_40' title='bbox 842 1221 1066 1284; x_wconf 79' lang='lat' dir='ltr'>perque</span> <span class='ocrx_word' id='word_1_41' title='bbox 1089 1200 1204 1259; x_wconf 80' lang='lat' dir='ltr'><strong>viri</strong></span> <span class='ocrx_word' id='word_1_42' title='bbox 1234 1199 1497 1259; x_wconf 84' lang='lat' dir='ltr'><strong>calidum</strong></span> <span class='ocrx_word' id='word_1_43' title='bbox 1523 1203 1800 1260; x_wconf 76' lang='lat' dir='ltr'><strong>transivit</strong></span> <span class='ocrx_word' id='word_1_44' title='bbox 1820 1201 2028 1259; x_wconf 79' lang='lat' dir='ltr'><strong>lancea</strong></span> <span class='ocrx_word' id='word_1_45' title='bbox 2055 1210 2263 1280; x_wconf 88' lang='lat' dir='ltr'><strong>pectus</strong></span> 
     </span>
     <span class='ocr_line' id='line_1_9' title="bbox 846 1298 2368 1385; baseline -0.003 -22"><span class='ocrx_word' id='word_1_46' title='bbox 846 1313 977 1363; x_wconf 82' lang='lat' dir='ltr'><strong>acta</strong></span> <span class='ocrx_word' id='word_1_47' title='bbox 1006 1314 1270 1361; x_wconf 86' lang='lat' dir='ltr'><strong>tremens</strong></span> <span class='ocrx_word' id='word_1_48' title='bbox 1284 1346 1303 1377; x_wconf 88' lang='lat'><strong>‚</strong></span> <span class='ocrx_word' id='word_1_49' title='bbox 1351 1304 1630 1385; x_wconf 84' lang='lat' dir='ltr'><strong>rupitque</strong></span> <span class='ocrx_word' id='word_1_50' title='bbox 1654 1305 1785 1362; x_wconf 80' lang='lat' dir='ltr'><strong>vias</strong></span> <span class='ocrx_word' id='word_1_51' title='bbox 1811 1304 2114 1383; x_wconf 73' lang='lat' dir='ltr'><strong>pulmonis</strong></span> <span class='ocrx_word' id='word_1_52' title='bbox 2142 1298 2368 1377; x_wconf 81' lang='lat' dir='ltr'><strong>anheli,</strong></span> 
     </span>
     <span class='ocr_line' id='line_1_10' title="bbox 843 1402 2267 1484; baseline -0.002 -19"><span class='ocrx_word' id='word_1_53' title='bbox 843 1418 907 1465; x_wconf 89' lang='lat' dir='ltr'><strong>et</strong></span> <span class='ocrx_word' id='word_1_54' title='bbox 931 1402 1133 1464; x_wconf 82' lang='lat' dir='ltr'><strong>valido</strong></span> <span class='ocrx_word' id='word_1_55' title='bbox 1162 1404 1434 1484; x_wconf 87' lang='lat' dir='ltr'><strong>geminas</strong></span> <span class='ocrx_word' id='word_1_56' title='bbox 1462 1405 1754 1484; x_wconf 84' lang='lat' dir='ltr'><strong>confregit</strong></span> <span class='ocrx_word' id='word_1_57' title='bbox 1779 1405 2026 1465; x_wconf 81' lang='lat' dir='ltr'><strong>verbere</strong></span> <span class='ocrx_word' id='word_1_58' title='bbox 2053 1414 2267 1464; x_wconf 87' lang='lat' dir='ltr'><strong>costas.</strong></span> 
     </span>
     <span class='ocr_line' id='line_1_11' title="bbox 843 1504 2331 1587; baseline -0.003 -19"><span class='ocrx_word' id='word_1_59' title='bbox 843 1528 990 1568; x_wconf 88' lang='lat' dir='ltr'><strong>ense</strong></span> <span class='ocrx_word' id='word_1_60' title='bbox 1017 1507 1156 1567; x_wconf 81' lang='lat' dir='ltr'><strong>ferit</strong></span> <span class='ocrx_word' id='word_1_61' title='bbox 1183 1504 1380 1565; x_wconf 85' lang='lat' dir='ltr'><strong>laidas</strong></span> <span class='ocrx_word' id='word_1_62' title='bbox 1405 1507 1760 1566; x_wconf 81' lang='lat' dir='ltr'><strong>miscentem</strong></span> <span class='ocrx_word' id='word_1_63' title='bbox 1791 1508 2016 1587; x_wconf 88' lang='lat' dir='ltr'><strong>proelia</strong></span> <span class='ocrx_word' id='word_1_64' title='bbox 2042 1510 2331 1585; x_wconf 84' lang='lat' dir='ltr'><strong>Largum.</strong></span> 
     </span>
     <span class='ocr_line' id='line_1_12' title="bbox 847 1608 2471 1682; baseline -0.001 -14"><span class='ocrx_word' id='word_1_65' title='bbox 847 1610 1094 1670; x_wconf 85' lang='lat' dir='ltr'><strong>Sinzora</strong></span> <span class='ocrx_word' id='word_1_66' title='bbox 1124 1609 1534 1682; x_wconf 84' lang='lat' dir='ltr'><strong>Crescentem,</strong></span> <span class='ocrx_word' id='word_1_67' title='bbox 1581 1608 1963 1669; x_wconf 79' lang='lat' dir='ltr'><strong>Servandum</strong></span> <span class='ocrx_word' id='word_1_68' title='bbox 1985 1620 2209 1667; x_wconf 85' lang='lat' dir='ltr'><strong>mactat</strong></span> <span class='ocrx_word' id='word_1_69' title='bbox 2234 1610 2471 1681; x_wconf 69' lang='lat' dir='ltr'><strong>Ilasang</strong></span> 
     </span>
     <span class='ocr_line' id='line_1_13' title="bbox 675 1711 2405 1789; baseline -0.001 -20"><span class='ocrx_word' id='word_1_70' title='bbox 675 1713 803 1778; x_wconf 74' lang='lat'><strong>845</strong></span> <span class='ocrx_word' id='word_1_71' title='bbox 842 1713 1323 1789; x_wconf 71' lang='lat' dir='ltr'><strong>martianumque</strong></span> <span class='ocrx_word' id='word_1_72' title='bbox 1348 1719 1559 1787; x_wconf 87' lang='lat' dir='ltr'><strong>petens</strong></span> <span class='ocrx_word' id='word_1_73' title='bbox 1586 1712 1849 1770; x_wconf 82' lang='lat' dir='ltr'><strong>infausto</strong></span> <span class='ocrx_word' id='word_1_74' title='bbox 1877 1713 2068 1769; x_wconf 83' lang='lat' dir='ltr'><strong>Marte</strong></span> <span class='ocrx_word' id='word_1_75' title='bbox 2093 1711 2405 1770; x_wconf 87' lang='lat' dir='ltr'><strong>tribunum</strong></span> 
     </span>
     <span class='ocr_line' id='line_1_14' title="bbox 844 1809 2349 1873; baseline -0.002 -1"><span class='ocrx_word' id='word_1_76' title='bbox 844 1811 1207 1873; x_wconf 79' lang='lat' dir='ltr'><strong>Hisdreasen</strong></span> <span class='ocrx_word' id='word_1_77' title='bbox 1229 1812 1482 1869; x_wconf 85' lang='lat' dir='ltr'><strong>smnmis</strong></span> <span class='ocrx_word' id='word_1_78' title='bbox 1508 1830 1827 1872; x_wconf 84' lang='lat' dir='ltr'><strong>excussam</strong></span> <span class='ocrx_word' id='word_1_79' title='bbox 1855 1813 2080 1870; x_wconf 80' lang='lat' dir='ltr'><strong>viribus</strong></span> <span class='ocrx_word' id='word_1_80' title='bbox 2110 1809 2349 1869; x_wconf 87' lang='lat' dir='ltr'><strong>hastam</strong></span> 
     </span>
     <span class='ocr_line' id='line_1_15' title="bbox 845 1911 2288 1990; baseline -0.003 -16"><span class='ocrx_word' id='word_1_81' title='bbox 845 1916 1047 1990; x_wconf 88' lang='lat' dir='ltr'><strong>torsit,</strong></span> <span class='ocrx_word' id='word_1_82' title='bbox 1092 1924 1151 1972; x_wconf 91' lang='lat' dir='ltr'><strong>et</strong></span> <span class='ocrx_word' id='word_1_83' title='bbox 1180 1911 1415 1971; x_wconf 79' lang='lat' dir='ltr'><strong>adversi</strong></span> <span class='ocrx_word' id='word_1_84' title='bbox 1440 1913 1704 1971; x_wconf 83' lang='lat' dir='ltr'><strong>frontem</strong></span> <span class='ocrx_word' id='word_1_85' title='bbox 1732 1915 1873 1972; x_wconf 87' lang='lat' dir='ltr'><strong>ferit</strong></span> <span class='ocrx_word' id='word_1_86' title='bbox 1899 1912 2173 1972; x_wconf 87' lang='lat' dir='ltr'><strong>horridus</strong></span> <span class='ocrx_word' id='word_1_87' title='bbox 2197 1915 2288 1971; x_wconf 84' lang='lat' dir='ltr'><strong>ira</strong></span> 
     </span>
     <span class='ocr_line' id='line_1_16' title="bbox 838 2016 2230 2098; baseline 0 -24"><span class='ocrx_word' id='word_1_88' title='bbox 838 2017 1011 2076; x_wconf 81' lang='lat' dir='ltr'><strong>fortis</strong></span> <span class='ocrx_word' id='word_1_89' title='bbox 1045 2016 1207 2098; x_wconf 87' lang='lat' dir='ltr'><strong>equi.</strong></span> <span class='ocrx_word' id='word_1_90' title='bbox 1290 2016 1529 2094; x_wconf 88' lang='lat' dir='ltr'><strong>sonipes</strong></span> <span class='ocrx_word' id='word_1_91' title='bbox 1563 2016 1733 2073; x_wconf 85' lang='lat' dir='ltr'><strong>letali</strong></span> <span class='ocrx_word' id='word_1_92' title='bbox 1761 2017 2011 2074; x_wconf 68' lang='lat' dir='ltr'><strong>vuhxere</strong></span> <span class='ocrx_word' id='word_1_93' title='bbox 2035 2016 2230 2074; x_wconf 78' lang='lat' dir='ltr'><strong>victus</strong></span> 
     </span>
     <span class='ocr_line' id='line_1_17' title="bbox 843 2115 2455 2199; baseline 0 -21"><span class='ocrx_word' id='word_1_94' title='bbox 843 2121 1096 2194; x_wconf 83' lang='lat' dir='ltr'><strong>corruit,</strong></span> <span class='ocrx_word' id='word_1_95' title='bbox 1139 2129 1318 2199; x_wconf 84' lang='lat' dir='ltr'><strong>atque</strong></span> <span class='ocrx_word' id='word_1_96' title='bbox 1343 2115 1583 2177; x_wconf 86' lang='lat' dir='ltr'><strong>hastam</strong></span> <span class='ocrx_word' id='word_1_97' title='bbox 1602 2119 1794 2175; x_wconf 90' lang='lat' dir='ltr'><strong>nimio</strong></span> <span class='ocrx_word' id='word_1_98' title='bbox 1824 2118 1933 2176; x_wconf 90' lang='lat' dir='ltr'><strong>sub</strong></span> <span class='ocrx_word' id='word_1_99' title='bbox 1959 2115 2226 2196; x_wconf 86' lang='lat' dir='ltr'><strong>pondere</strong></span> <span class='ocrx_word' id='word_1_100' title='bbox 2251 2117 2455 2197; x_wconf 80' lang='lat' dir='ltr'><strong>fregit.</strong></span> 
     </span>
     <span class='ocr_line' id='line_1_18' title="bbox 674 2220 2168 2300; baseline -0.001 -20"><span class='ocrx_word' id='word_1_101' title='bbox 674 2221 803 2288; x_wconf 85' lang='lat'><strong>850</strong></span> <span class='ocrx_word' id='word_1_102' title='bbox 844 2221 1148 2300; x_wconf 78' lang='lat' dir='ltr'><strong>consurgit</strong></span> <span class='ocrx_word' id='word_1_103' title='bbox 1170 2220 1353 2279; x_wconf 77' lang='lat' dir='ltr'><strong>velox</strong></span> <span class='ocrx_word' id='word_1_104' title='bbox 1381 2239 1600 2299; x_wconf 84' lang='lat' dir='ltr'><strong>magna</strong></span> <span class='ocrx_word' id='word_1_105' title='bbox 1629 2221 1848 2278; x_wconf 79' lang='lat' dir='ltr'><strong>virtute</strong></span> <span class='ocrx_word' id='word_1_106' title='bbox 1873 2220 2168 2294; x_wconf 86' lang='lat' dir='ltr'><strong>tribunus,</strong></span> 
     </span>
     <span class='ocr_line' id='line_1_19' title="bbox 846 2321 2329 2403; baseline 0 -22"><span class='ocrx_word' id='word_1_107' title='bbox 846 2325 1069 2382; x_wconf 85' lang='lat' dir='ltr'><strong>amisso</strong></span> <span class='ocrx_word' id='word_1_108' title='bbox 1095 2341 1210 2380; x_wconf 87' lang='lat' dir='ltr'><strong>nec</strong></span> <span class='ocrx_word' id='word_1_109' title='bbox 1238 2321 1459 2381; x_wconf 84' lang='lat' dir='ltr'><strong>fractus</strong></span> <span class='ocrx_word' id='word_1_110' title='bbox 1486 2340 1646 2402; x_wconf 86' lang='lat' dir='ltr'><strong>equo</strong></span> <span class='ocrx_word' id='word_1_111' title='bbox 1678 2322 2023 2401; x_wconf 80' lang='lat' dir='ltr'><strong>campisque</strong></span> <span class='ocrx_word' id='word_1_112' title='bbox 2051 2321 2329 2403; x_wconf 88' lang='lat' dir='ltr'><strong>pedester</strong></span> 
     </span>
     <span class='ocr_line' id='line_1_20' title="bbox 843 2423 2253 2503; baseline 0 -19"><span class='ocrx_word' id='word_1_113' title='bbox 843 2425 1106 2484; x_wconf 86' lang='lat' dir='ltr'><strong>constitit</strong></span> <span class='ocrx_word' id='word_1_114' title='bbox 1140 2433 1201 2482; x_wconf 89' lang='lat' dir='ltr'><strong>et</strong></span> <span class='ocrx_word' id='word_1_115' title='bbox 1233 2423 1407 2502; x_wconf 84' lang='lat' dir='ltr'><strong>galea</strong></span> <span class='ocrx_word' id='word_1_116' title='bbox 1435 2425 1629 2483; x_wconf 86' lang='lat' dir='ltr'><strong>celsus</strong></span> <span class='ocrx_word' id='word_1_117' title='bbox 1659 2425 1970 2503; x_wconf 87' lang='lat' dir='ltr'><strong>clipeoque</strong></span> <span class='ocrx_word' id='word_1_118' title='bbox 1998 2425 2253 2484; x_wconf 74' lang='lat' dir='ltr'><strong>refulsit.</strong></span> 
     </span>
     <span class='ocr_line' id='line_1_21' title="bbox 781 2507 2322 2587; baseline -0.001 -1"><span class='ocrx_word' id='word_1_119' title='bbox 781 2507 796 2524; x_wconf 59' lang='lat'><em>⁶</em></span> <span class='ocrx_word' id='word_1_120' title='bbox 843 2538 907 2587; x_wconf 81' lang='lat' dir='ltr'><strong>at</strong></span> <span class='ocrx_word' id='word_1_121' title='bbox 935 2528 1099 2585; x_wconf 84' lang='lat' dir='ltr'><strong>ferus</strong></span> <span class='ocrx_word' id='word_1_122' title='bbox 1133 2523 1496 2585; x_wconf 84' lang='lat' dir='ltr'><strong>Hisdreasen</strong></span> <span class='ocrx_word' id='word_1_123' title='bbox 1525 2528 1662 2586; x_wconf 80' lang='lat' dir='ltr'><strong>visu</strong></span> <span class='ocrx_word' id='word_1_124' title='bbox 1694 2527 2076 2586; x_wconf 74' lang='lat' dir='ltr'><strong>tremefactus</strong></span> <span class='ocrx_word' id='word_1_125' title='bbox 2105 2523 2322 2585; x_wconf 87' lang='lat' dir='ltr'><strong>eodem</strong></span> 
     </span>
     <span class='ocr_line' id='line_1_22' title="bbox 844 2626 2193 2703; baseline -0.001 -14"><span class='ocrx_word' id='word_1_126' title='bbox 844 2629 1138 2689; x_wconf 86' lang='lat' dir='ltr'><strong>continuit</strong></span> <span class='ocrx_word' id='word_1_127' title='bbox 1166 2648 1298 2689; x_wconf 84' lang='lat' dir='ltr'><strong>sese</strong></span> <span class='ocrx_word' id='word_1_128' title='bbox 1312 2671 1330 2703; x_wconf 92' lang='lat'>,</span> <span class='ocrx_word' id='word_1_129' title='bbox 1366 2628 1535 2689; x_wconf 88' lang='lat' dir='ltr'><strong>solus</strong></span> <span class='ocrx_word' id='word_1_130' title='bbox 1558 2639 1789 2689; x_wconf 88' lang='lat' dir='ltr'><strong>tentare</strong></span> <span class='ocrx_word' id='word_1_131' title='bbox 1813 2649 1926 2689; x_wconf 91' lang='lat' dir='ltr'><strong>nec</strong></span> <span class='ocrx_word' id='word_1_132' title='bbox 1957 2626 2193 2688; x_wconf 83' lang='lat' dir='ltr'><strong>hostem</strong></span> 
     </span>
     <span class='ocr_line' id='line_1_23' title="bbox 673 2729 2302 2799; baseline 0 -8"><span class='ocrx_word' id='word_1_133' title='bbox 673 2730 800 2799; x_wconf 78' lang='grc'><strong>855</strong></span> <span class='ocrx_word' id='word_1_134' title='bbox 841 2752 1022 2791; x_wconf 81' lang='lat' dir='ltr'><strong>ausus</strong></span> <span class='ocrx_word' id='word_1_135' title='bbox 1047 2741 1205 2791; x_wconf 79' lang='lat' dir='ltr'><strong>retro</strong></span> <span class='ocrx_word' id='word_1_136' title='bbox 1229 2729 1407 2790; x_wconf 87' lang='lat' dir='ltr'><strong>redit.</strong></span> <span class='ocrx_word' id='word_1_137' title='bbox 1487 2731 1656 2791; x_wconf 86' lang='lat' dir='ltr'><strong>nudo</strong></span> <span class='ocrx_word' id='word_1_138' title='bbox 1691 2743 1834 2791; x_wconf 89' lang='lat' dir='ltr'><strong>tnnc</strong></span> <span class='ocrx_word' id='word_1_139' title='bbox 1861 2752 2004 2791; x_wconf 88' lang='lat' dir='ltr'><strong>ense</strong></span> <span class='ocrx_word' id='word_1_140' title='bbox 2027 2732 2302 2791; x_wconf 86' lang='lat' dir='ltr'><strong>tribunus</strong></span> 
     </span>
     <span class='ocr_line' id='line_1_24' title="bbox 839 2830 2306 2914; baseline -0.003 -20"><span class='ocrx_word' id='word_1_141' title='bbox 839 2835 1192 2914; x_wconf 76' lang='lat' dir='ltr'><strong>insequitur.</strong></span> <span class='ocrx_word' id='word_1_142' title='bbox 1278 2830 1572 2891; x_wconf 87' lang='lat' dir='ltr'><strong>domitum</strong></span> <span class='ocrx_word' id='word_1_143' title='bbox 1600 2835 1823 2892; x_wconf 81' lang='lat' dir='ltr'><strong>ferrata</strong></span> <span class='ocrx_word' id='word_1_144' title='bbox 1853 2834 2016 2892; x_wconf 88' lang='lat' dir='ltr'><strong>calce</strong></span> <span class='ocrx_word' id='word_1_145' title='bbox 2045 2834 2306 2911; x_wconf 79' lang='lat' dir='ltr'><strong>fatigans</strong></span> 
     </span>
    </p>
   </div>
   <div class='ocr_carea' id='block_1_3' title="bbox 843 2933 2560 3014">
    <p class='ocr_par' dir='ltr' id='par_1_3' title="bbox 843 2933 2560 3014">
     <span class='ocr_line' id='line_1_25' title="bbox 843 2933 2560 3014; baseline -0.001 -20"><span class='ocrx_word' id='word_1_146' title='bbox 843 2933 1205 2994; x_wconf 79' lang='lat' dir='ltr'><strong>Hisdreasen</strong></span> <span class='ocrx_word' id='word_1_147' title='bbox 1233 2935 1513 2992; x_wconf 71' lang='lat' dir='ltr'><strong>contorsit</strong></span> <span class='ocrx_word' id='word_1_148' title='bbox 1544 2954 1800 3014; x_wconf 86' lang='lat' dir='ltr'><strong>equum,</strong></span> <span class='ocrx_word' id='word_1_149' title='bbox 1842 2936 2191 3014; x_wconf 89' lang='lat' dir='ltr'><strong>sociumque</strong></span> <span class='ocrx_word' id='word_1_150' title='bbox 2213 2955 2323 3014; x_wconf 87' lang='lat' dir='ltr'><strong>per</strong></span> <span class='ocrx_word' id='word_1_151' title='bbox 2342 2953 2560 3013; x_wconf 85' lang='lat' dir='ltr'><strong>agmen</strong></span> 
     </span>
    </p>
   </div>
   <div class='ocr_carea' id='block_1_4' title="bbox 671 3032 2447 3319">
    <p class='ocr_par' dir='ltr' id='par_1_4' title="bbox 671 3032 2447 3319">
     <span class='ocr_line' id='line_1_26' title="bbox 841 3032 2260 3113; baseline 0.001 -19"><span class='ocrx_word' id='word_1_152' title='bbox 841 3034 1137 3113; x_wconf 84' lang='lat' dir='ltr'><strong>effugiens</strong></span> <span class='ocrx_word' id='word_1_153' title='bbox 1164 3033 1434 3113; x_wconf 87' lang='lat' dir='ltr'><strong>trepidus</strong></span> <span class='ocrx_word' id='word_1_154' title='bbox 1464 3032 1664 3094; x_wconf 83' lang='lat' dir='ltr'><strong>densis</strong></span> <span class='ocrx_word' id='word_1_155' title='bbox 1695 3054 1760 3093; x_wconf 87' lang='lat' dir='ltr'><strong>se</strong></span> <span class='ocrx_word' id='word_1_156' title='bbox 1788 3036 2030 3093; x_wconf 86' lang='lat' dir='ltr'><strong>miscuit</strong></span> <span class='ocrx_word' id='word_1_157' title='bbox 2057 3036 2260 3095; x_wconf 84' lang='lat' dir='ltr'><strong>annis.</strong></span> 
     </span>
     <span class='ocr_line' id='line_1_27' title="bbox 841 3137 2280 3217; baseline 0.001 -22"><span class='ocrx_word' id='word_1_158' title='bbox 841 3147 909 3195; x_wconf 91' lang='lat' dir='ltr'><strong>ut</strong></span> <span class='ocrx_word' id='word_1_159' title='bbox 937 3155 1078 3195; x_wconf 81' lang='lat' dir='ltr'><strong>vero</strong></span> <span class='ocrx_word' id='word_1_160' title='bbox 1103 3137 1209 3195; x_wconf 88' lang='lat' dir='ltr'><strong>ille</strong></span> <span class='ocrx_word' id='word_1_161' title='bbox 1239 3155 1495 3217; x_wconf 85' lang='lat' dir='ltr'><strong>sequens</strong></span> <span class='ocrx_word' id='word_1_162' title='bbox 1525 3146 1830 3195; x_wconf 86' lang='lat' dir='ltr'><strong>auctorem</strong></span> <span class='ocrx_word' id='word_1_163' title='bbox 1857 3139 2149 3217; x_wconf 87' lang='lat' dir='ltr'><strong>attingere</strong></span> <span class='ocrx_word' id='word_1_164' title='bbox 2169 3138 2280 3197; x_wconf 87' lang='lat' dir='ltr'><strong>teli</strong></span> 
     </span>
     <span class='ocr_line' id='line_1_28' title="bbox 671 3236 2447 3319; baseline 0 -22"><span class='ocrx_word' id='word_1_165' title='bbox 671 3243 798 3307; x_wconf 84' lang='lat'><strong>860</strong></span> <span class='ocrx_word' id='word_1_166' title='bbox 836 3258 962 3298; x_wconf 91' lang='lat' dir='ltr'><strong>non</strong></span> <span class='ocrx_word' id='word_1_167' title='bbox 990 3241 1185 3318; x_wconf 89' lang='lat' dir='ltr'><strong>potuit</strong></span> <span class='ocrx_word' id='word_1_168' title='bbox 1203 3281 1221 3313; x_wconf 92' lang='lat'>,</span> <span class='ocrx_word' id='word_1_169' title='bbox 1262 3236 1535 3297; x_wconf 85' lang='lat' dir='ltr'><strong>medium</strong></span> <span class='ocrx_word' id='word_1_170' title='bbox 1561 3240 1773 3300; x_wconf 86' lang='lat' dir='ltr'><strong>sternit</strong></span> <span class='ocrx_word' id='word_1_171' title='bbox 1794 3258 2080 3298; x_wconf 86' lang='lat' dir='ltr'><strong>mucrone</strong></span> <span class='ocrx_word' id='word_1_172' title='bbox 2104 3240 2447 3319; x_wconf 82' lang='lat' dir='ltr'><strong>Merasguu,</strong></span> 
     </span>
    </p>
   </div>
   <div class='ocr_carea' id='block_1_5' title="bbox 838 3339 2570 3421">
    <p class='ocr_par' dir='ltr' id='par_1_5' title="bbox 838 3339 2570 3421">
     <span class='ocr_line' id='line_1_29' title="bbox 838 3339 2570 3421; baseline -0.001 -20"><span class='ocrx_word' id='word_1_173' title='bbox 838 3340 1262 3421; x_wconf 78' lang='lat' dir='ltr'><strong>Suartifanque</strong></span> <span class='ocrx_word' id='word_1_174' title='bbox 1290 3360 1469 3420; x_wconf 87' lang='lat' dir='ltr'><strong>super</strong></span> <span class='ocrx_word' id='word_1_175' title='bbox 1497 3343 1785 3417; x_wconf 88' lang='lat' dir='ltr'><strong>celerem,</strong></span> <span class='ocrx_word' id='word_1_176' title='bbox 1829 3343 2150 3416; x_wconf 82' lang='lat' dir='ltr'><strong>Montana,</strong></span> <span class='ocrx_word' id='word_1_177' title='bbox 2195 3339 2570 3402; x_wconf 81' lang='lat' dir='ltr'><strong>Gamasdrun</strong></span> 
     </span>
    </p>
   </div>
   <div class='ocr_carea' id='block_1_6' title="bbox 670 3443 2383 3831">
    <p class='ocr_par' dir='ltr' id='par_1_6' title="bbox 670 3443 2383 3831">
     <span class='ocr_line' id='line_1_30' title="bbox 839 3443 2308 3525; baseline 0.001 -24"><span class='ocrx_word' id='word_1_178' title='bbox 839 3443 1091 3521; x_wconf 81' lang='lat' dir='ltr'><strong>eripuit3</strong></span> <span class='ocrx_word' id='word_1_179' title='bbox 1133 3454 1506 3525; x_wconf 88' lang='lat' dir='ltr'><strong>mortemque</strong></span> <span class='ocrx_word' id='word_1_180' title='bbox 1538 3446 1725 3504; x_wconf 86' lang='lat' dir='ltr'><strong>miser</strong></span> <span class='ocrx_word' id='word_1_181' title='bbox 1754 3446 2014 3524; x_wconf 88' lang='lat' dir='ltr'><strong>suscepit</strong></span> <span class='ocrx_word' id='word_1_182' title='bbox 2038 3447 2308 3523; x_wconf 87' lang='lat' dir='ltr'><strong>Isaguas.</strong></span> 
     </span>
     <span class='ocr_line' id='line_1_31' title="bbox 837 3544 2307 3627; baseline 0.003 -24"><span class='ocrx_word' id='word_1_183' title='bbox 837 3544 982 3604; x_wconf 87' lang='lat' dir='ltr'><strong>inde</strong></span> <span class='ocrx_word' id='word_1_184' title='bbox 1008 3546 1215 3605; x_wconf 78' lang='lat' dir='ltr'><strong>furens</strong></span> <span class='ocrx_word' id='word_1_185' title='bbox 1241 3548 1431 3605; x_wconf 74' lang='lat' dir='ltr'><strong>victor</strong></span> <span class='ocrx_word' id='word_1_186' title='bbox 1460 3548 1634 3606; x_wconf 81' lang='lat' dir='ltr'><strong>victis</strong></span> <span class='ocrx_word' id='word_1_187' title='bbox 1661 3549 1816 3627; x_wconf 85' lang='lat' dir='ltr'><strong>rapit</strong></span> <span class='ocrx_word' id='word_1_188' title='bbox 1839 3546 2111 3606; x_wconf 85' lang='lat' dir='ltr'><strong>hostibus</strong></span> <span class='ocrx_word' id='word_1_189' title='bbox 2140 3566 2307 3607; x_wconf 78' lang='lat' dir='ltr'><strong>arma</strong></span> 
     </span>
     <span class='ocr_line' id='line_1_32' title="bbox 788 3644 2278 3727; baseline 0.002 -22"><span class='ocrx_word' id='word_1_190' title='bbox 788 3651 793 3657; x_wconf 88' lang='lat'><em>&#39;</em></span> <span class='ocrx_word' id='word_1_191' title='bbox 838 3644 1144 3722; x_wconf 85' lang='lat' dir='ltr'><strong>turbidus,</strong></span> <span class='ocrx_word' id='word_1_192' title='bbox 1190 3657 1250 3706; x_wconf 90' lang='lat' dir='ltr'><strong>et</strong></span> <span class='ocrx_word' id='word_1_193' title='bbox 1276 3650 1451 3708; x_wconf 84' lang='lat' dir='ltr'><strong>sociis</strong></span> <span class='ocrx_word' id='word_1_194' title='bbox 1481 3649 1781 3727; x_wconf 84' lang='lat' dir='ltr'><strong>fugientes</strong></span> <span class='ocrx_word' id='word_1_195' title='bbox 1810 3651 2065 3708; x_wconf 86' lang='lat' dir='ltr'><strong>conserit</strong></span> <span class='ocrx_word' id='word_1_196' title='bbox 2090 3648 2278 3708; x_wconf 84' lang='lat' dir='ltr'><strong>hastis</strong></span> 
     </span>
     <span class='ocr_line' id='line_1_33' title="bbox 670 3745 2383 3831; baseline 0.001 -25"><span class='ocrx_word' id='word_1_197' title='bbox 670 3745 796 3815; x_wconf 82' lang='grc'><strong>865</strong></span> <span class='ocrx_word' id='word_1_198' title='bbox 837 3768 976 3806; x_wconf 83' lang='lat' dir='ltr'><strong>acer</strong></span> <span class='ocrx_word' id='word_1_199' title='bbox 1000 3758 1061 3807; x_wconf 88' lang='lat' dir='ltr'><strong>et</strong></span> <span class='ocrx_word' id='word_1_200' title='bbox 1086 3747 1439 3828; x_wconf 87' lang='lat' dir='ltr'><strong>intrepidus.</strong></span> <span class='ocrx_word' id='word_1_201' title='bbox 1523 3760 1866 3814; x_wconf 84' lang='lat' dir='ltr'><strong>sternuntur</strong></span> <span class='ocrx_word' id='word_1_202' title='bbox 1890 3770 2131 3831; x_wconf 87' lang='lat' dir='ltr'><strong>corpora</strong></span> <span class='ocrx_word' id='word_1_203' title='bbox 2158 3751 2383 3830; x_wconf 90' lang='lat' dir='ltr'><strong>passim</strong></span> 
     </span>
    </p>
   </div>
   <div class='ocr_carea' id='block_1_7' title="bbox 841 3848 2602 3934">
    <p class='ocr_par' dir='ltr' id='par_1_7' title="bbox 841 3848 2602 3934">
     <span class='ocr_line' id='line_1_34' title="bbox 841 3848 2602 3934; baseline -0.001 -25"><span class='ocrx_word' id='word_1_204' title='bbox 841 3848 1027 3910; x_wconf 83' lang='lat' dir='ltr'><strong>densa</strong></span> <span class='ocrx_word' id='word_1_205' title='bbox 1056 3853 1255 3910; x_wconf 76' lang='lat' dir='ltr'><strong>virum</strong></span> <span class='ocrx_word' id='word_1_206' title='bbox 1277 3850 1661 3934; x_wconf 87' lang='lat' dir='ltr'><strong>alipedesque</strong></span> <span class='ocrx_word' id='word_1_207' title='bbox 1693 3853 1872 3911; x_wconf 89' lang='lat' dir='ltr'><strong>simul</strong></span> <span class='ocrx_word' id='word_1_208' title='bbox 1888 3894 1905 3926; x_wconf 91' lang='lat'>,</span> <span class='ocrx_word' id='word_1_209' title='bbox 1951 3871 2101 3933; x_wconf 90' lang='lat' dir='ltr'><strong>quos</strong></span> <span class='ocrx_word' id='word_1_210' title='bbox 2127 3854 2356 3911; x_wconf 85' lang='lat' dir='ltr'><strong>missile</strong></span> <span class='ocrx_word' id='word_1_211' title='bbox 2379 3858 2602 3909; x_wconf 86' lang='lat' dir='ltr'><strong>tortum</strong></span> 
     </span>
    </p>
   </div>
   <div class='ocr_carea' id='block_1_8' title="bbox 754 3951 2413 4237">
    <p class='ocr_par' dir='ltr' id='par_1_8' title="bbox 754 3951 2413 4237">
     <span class='ocr_line' id='line_1_35' title="bbox 838 3951 2272 4028; baseline 0.001 -17"><span class='ocrx_word' id='word_1_212' title='bbox 838 3952 1100 4028; x_wconf 82' lang='lat' dir='ltr'><strong>invenit,</strong></span> <span class='ocrx_word' id='word_1_213' title='bbox 1142 3951 1374 4013; x_wconf 86' lang='lat' dir='ltr'><strong>medios</strong></span> <span class='ocrx_word' id='word_1_214' title='bbox 1405 3974 1544 4012; x_wconf 88' lang='lat' dir='ltr'><strong>casu</strong></span> <span class='ocrx_word' id='word_1_215' title='bbox 1578 3954 1723 4013; x_wconf 81' lang='lat' dir='ltr'><strong>dum</strong></span> <span class='ocrx_word' id='word_1_216' title='bbox 1751 3957 1929 4013; x_wconf 86' lang='lat' dir='ltr'><strong>currit</strong></span> <span class='ocrx_word' id='word_1_217' title='bbox 1955 3956 2016 4011; x_wconf 90' lang='lat' dir='ltr'><strong>iu</strong></span> <span class='ocrx_word' id='word_1_218' title='bbox 2049 3952 2272 4013; x_wconf 84' lang='lat' dir='ltr'><strong>hostes.</strong></span> 
     </span>
     <span class='ocr_line' id='line_1_36' title="bbox 916 4055 2237 4135; baseline -0.001 -21"><span class='ocrx_word' id='word_1_219' title='bbox 916 4056 998 4114; x_wconf 84' lang='lat' dir='ltr'><strong>At</strong></span> <span class='ocrx_word' id='word_1_220' title='bbox 1021 4057 1229 4135; x_wconf 85' lang='lat' dir='ltr'><strong>procul</strong></span> <span class='ocrx_word' id='word_1_221' title='bbox 1252 4058 1501 4114; x_wconf 76' lang='lat' dir='ltr'><strong>Antalas</strong></span> <span class='ocrx_word' id='word_1_222' title='bbox 1527 4057 1686 4114; x_wconf 87' lang='lat' dir='ltr'><strong>celso</strong></span> <span class='ocrx_word' id='word_1_223' title='bbox 1715 4055 1790 4113; x_wconf 90' lang='lat' dir='ltr'><strong>de</strong></span> <span class='ocrx_word' id='word_1_224' title='bbox 1820 4058 1971 4115; x_wconf 88' lang='lat' dir='ltr'><strong>colle</strong></span> <span class='ocrx_word' id='word_1_225' title='bbox 1996 4055 2237 4115; x_wconf 78' lang='lat' dir='ltr'><strong>videbat</strong></span> 
     </span>
     <span class='ocr_line' id='line_1_37' title="bbox 754 4149 2413 4237; baseline 0.002 -23"><span class='ocrx_word' id='word_1_226' title='bbox 754 4149 763 4159; x_wconf 83' lang='lat'>&#39;</span> <span class='ocrx_word' id='word_1_227' title='bbox 834 4158 1037 4214; x_wconf 86' lang='lat' dir='ltr'><strong>omnia</strong></span> <span class='ocrx_word' id='word_1_228' title='bbox 1068 4157 1455 4235; x_wconf 87' lang='lat' dir='ltr'><strong>prospiciens.</strong></span> <span class='ocrx_word' id='word_1_229' title='bbox 1538 4176 1682 4213; x_wconf 86' lang='lat' dir='ltr'><strong>nam</strong></span> <span class='ocrx_word' id='word_1_230' title='bbox 1710 4176 1776 4216; x_wconf 85' lang='lat' dir='ltr'><strong>se</strong></span> <span class='ocrx_word' id='word_1_231' title='bbox 1807 4150 2172 4217; x_wconf 83' lang='lat' dir='ltr'><strong>committere</strong></span> <span class='ocrx_word' id='word_1_232' title='bbox 2203 4156 2413 4237; x_wconf 84' lang='lat' dir='ltr'><strong>primis</strong></span> 
     </span>
    </p>
   </div>
   <div class='ocr_carea' id='block_1_9' title="bbox 660 4303 2470 4443">
    <p class='ocr_par' dir='ltr' id='par_1_9' title="bbox 660 4303 2470 4443">
     <span class='ocr_line' id='line_1_38' title="bbox 663 4303 2470 4377; baseline 0.001 -17"><span class='ocrx_word' id='word_1_233' title='bbox 663 4304 766 4360; x_wconf 79' lang='lat'><strong>835</strong></span> <span class='ocrx_word' id='word_1_234' title='bbox 800 4303 1120 4360; x_wconf 58' lang='lat' dir='ltr'><strong>aaran?</strong></span> <span class='ocrx_word' id='word_1_235' title='bbox 1247 4305 1351 4358; x_wconf 79' lang='lat'><strong>836</strong></span> <span class='ocrx_word' id='word_1_236' title='bbox 1382 4304 1485 4357; x_wconf 84' lang='lat' dir='ltr'><strong>bell</strong></span> <span class='ocrx_word' id='word_1_237' title='bbox 1487 4304 1931 4377; x_wconf 77' lang='lat' dir='ltr'><strong>aqneplncidis&#39;l&#39;</strong></span> <span class='ocrx_word' id='word_1_238' title='bbox 2060 4307 2190 4364; x_wconf 68' lang='lat' dir='ltr'><strong><em>ibid.</em></strong></span> <span class='ocrx_word' id='word_1_239' title='bbox 2223 4306 2392 4364; x_wconf 79' lang='lat' dir='ltr'><strong>nautis</strong></span> <span class='ocrx_word' id='word_1_240' title='bbox 2420 4309 2470 4363; x_wconf 85' lang='grc' dir='ltr'><strong>Τ</strong></span> 
     </span>
     <span class='ocr_line' id='line_1_39' title="bbox 660 4318 1630 4443; baseline 0.008 -18"><span class='ocrx_word' id='word_1_241' title='bbox 660 4382 835 4427; x_wconf 77' lang='lat' dir='ltr'><strong>uettus</strong></span> <span class='ocrx_word' id='word_1_242' title='bbox 863 4377 915 4428; x_wconf 81' lang='grc' dir='ltr'><em>Τ</em></span> <span class='ocrx_word' id='word_1_243' title='bbox 1108 4373 1211 4429; x_wconf 84' lang='lat'><strong>869</strong></span> <span class='ocrx_word' id='word_1_244' title='bbox 1243 4375 1393 4443; x_wconf 81' lang='lat' dir='ltr'><strong>nam]</strong></span> <span class='ocrx_word' id='word_1_245' title='bbox 1426 4391 1528 4428; x_wconf 84' lang='lat' dir='ltr'><strong>uon</strong></span> <span class='ocrx_word' id='word_1_246' title='bbox 1487 4318 1630 4433; x_wconf 60' lang='lat' dir='ltr'><strong>aqM.</strong></span> 
     </span>
    </p>
   </div>
   <div class='ocr_carea' id='block_1_10' title="bbox 2600 4308 2858 4380">
    <p class='ocr_par' dir='ltr' id='par_1_10' title="bbox 2600 4308 2858 4380">
     <span class='ocr_line' id='line_1_40' title="bbox 2600 4308 2858 4380; baseline -0.008 -16"><span class='ocrx_word' id='word_1_247' title='bbox 2600 4308 2705 4366; x_wconf 78' lang='lat'><strong>837</strong></span> <span class='ocrx_word' id='word_1_248' title='bbox 2731 4324 2858 4380; x_wconf 77' lang='lat' dir='ltr'><strong>pre-</strong></span> 
     </span>
    </p>
   </div>
  </div>
 </body>
</html>
