3210 5200
700 407 815 454 xV1
1467 382 2136 449 MAZZUCCHELLII

705 551 940 615 videtur
972 563 1173 611 autem
1215 549 1281 610 id
1324 573 1356 608 e
1387 553 1613 609 Graeca
1655 552 1862 629 lingua
1896 547 2276 628 desumptum
2317 568 2395 605 ex
2429 550 2673 607 vocibus
2702 545 2893 631 κόρος

701 679 858 739 puer
880 657 977 715 vel
993 654 1212 734 pullus
1238 664 1340 711 aut
1370 655 1579 732 niger,
1638 662 1695 709 et
1718 653 1906 726 ἵππος
1931 672 2157 730 equum
2218 653 2390 731 quasi
2420 649 2581 708 dicas
2607 651 2892 730 equuleus

706 762 804 820 vel
841 760 1012 838 niger
1050 777 1236 836 equus
1255 799 1280 826 ,
1365 766 1469 813 aut
1515 758 1695 813 etiam
1733 773 1890 831 puer
1940 751 2009 808 id
2061 763 2152 813 est
2204 772 2407 811 servus
2447 751 2527 810 ab
2575 755 2740 832 equis
2790 754 2890 813 vel

709 864 929 943 equiso.
1348 892 1353 897 ·

871 962 1001 1021 Etsi
1035 966 1247 1038 poema
1281 959 1354 1016 de
1389 957 1559 1014 bellis
1583 954 1830 1034 Libycis
1872 957 2016 1013 olim
2055 955 2328 1033 pluribus
2355 960 2419 1014 in
2447 955 2744 1016 codicibus
2781 955 2890 1014 de-

702 1067 986 1144 scriptum
1016 1063 1339 1134 exstiterit,
1404 1059 1477 1117 de
1519 1058 1749 1117 duobus
1784 1068 2019 1116 tantum
2055 1060 2265 1115 notitia
2307 1057 2386 1114 ad
2427 1057 2687 1117 eruditos
2734 1061 2892 1117 viros

701 1169 1004 1249 pervenit:
1063 1184 1209 1220 nam
1249 1164 1460 1219 tertius
1497 1162 1910 1220 Trivultianus
1958 1158 2266 1238 hucusque
2314 1159 2490 1216 latuit
2521 1160 2619 1216 vel
2655 1164 2894 1237 penitus

703 1275 944 1349 ignotus
988 1268 1247 1340 exstitit,
1314 1266 1585 1344 quamvis
1617 1266 1680 1321 in
1717 1266 1981 1342 plurium
2015 1260 2322 1319 doctorum
2350 1259 2666 1339 homimun
2693 1264 2895 1320 mani-

702 1375 816 1431 bus
860 1372 1074 1443 fuerit,
1130 1377 1198 1425 ut
1233 1368 1391 1424 infra
1435 1364 1679 1424 docebo.
1769 1367 2164 1446 antiquiorem
2210 1363 2478 1422 codicem
2513 1363 2701 1421 fuisse
2730 1375 2898 1442 patet

703 1477 881 1535 illum
922 1474 1027 1553 qui
1065 1473 1133 1527 in
1168 1467 1529 1526 bibliotheca
1570 1466 2001 1526 monachormn
2025 1468 2246 1525 Montis
2274 1467 2475 1523 casini
2509 1465 2613 1523 diu
2643 1467 2758 1524 fuit
2782 1465 2895 1524 ad—

705 1584 1007 1647 servatus,
1067 1590 1286 1648 nempe
1327 1590 1361 1627 a
1404 1571 1642 1627 saeculo
1676 1574 1752 1632 11
1785 1589 1976 1648 usque
2004 1567 2082 1626 ad
2117 1572 2211 1630 16.
2288 1560 2595 1626 “Petrus’'
2634 1589 2895 1649 namque

700 1665 1121 1747 “diaconus‚”
1160 1683 1228 1729 ut
1272 1675 1357 1729 ait
1383 1674 1709 1750 Fogginius
1745 1691 1806 1749 p.
1842 1675 1954 1743 10,
1992 1662 2109 1726 “in
2138 1673 2419 1728 Auctario
2457 1668 2538 1728 ad
2565 1668 2897 1728 Chronicon

709 1781 1027 1838 Casinense
1051 1775 1268 1830 Leonis
1295 1776 1644 1848 Marsicam,
1705 1773 1811 1829 ubi
1847 1774 2003 1828 inter
2042 1770 2226 1828 libros
2261 1791 2410 1850 quos
2440 1768 2694 1830 describi
2724 1793 2900 1831 cura-

708 1884 795 1939 vit
824 1877 1005 1935 abbas
1032 1873 1407 1950 Desiderius,
1458 1875 1537 1933 ad
1562 1879 1898 1933 Romanam
1922 1870 2267 1930 cathedram
2290 1881 2495 1950 postea
2524 1883 2760 1931 evectus
2787 1876 2899 1932 sub

712 1981 962 2042 Victoris
992 1984 1032 2042 2
1055 1981 1327 2052 nomine,
1381 1978 1759 2036 cresconiam
1786 1985 2079 2034 memorat
2111 1974 2183 2031 de
2212 1972 2381 2030 bellis
2409 1971 2675 2049 Libycis.
2736 1971 2905 2034 hunc

715 2081 983 2143 codicem
1037 2083 1102 2138 in
1138 2079 1496 2140 bibliotheca
1532 2081 1878 2139 monasterii
1922 2079 2142 2136 Montis
2193 2076 2394 2134 casini
2442 2072 2638 2133 adhuc
2685 2096 2904 2155 super-

712 2188 896 2244 fuisse
937 2203 1091 2240 anno
1126 2183 1289 2246 1532
1328 2177 1514 2242 novi'’
1559 2181 1691 2265 (est
1724 2180 1887 2239 idem
1927 2182 2249 2259 Fogginius
2294 2181 2398 2259 qui
2431 2177 2732 2258 loquitur)
2768 2172 2906 2238 “ex

698 2308 803 2346 ms
834 2284 1034 2344 codice
1066 2285 1349 2343 Vaticano
1381 2289 1540 2350 3961
1565 2330 1581 2359 ,
1630 2287 1734 2366 qui
1760 2283 2022 2342 indicem
2051 2286 2312 2341 continet
2339 2283 2752 2340 casinensium
2773 2304 2903 2342 mss

710 2390 1034 2448 clementis
1066 2391 1106 2451 7
1137 2388 1304 2446 iussu
1333 2388 1688 2446 confectmn.
1756 2390 1841 2446 sic
1871 2389 2031 2445 enim
2062 2389 2125 2443 in
2157 2387 2344 2444 classe
2374 2386 2663 2442 librorum
2695 2404 2903 2462 gram-

706 2494 1077 2552 maticalium
1112 2490 1365 2568 legitur:
1426 2489 1578 2547 liber
1615 2492 1915 2549 Cresconii
1937 2492 2121 2567 incip.
2163 2489 2435 2548 Victoris.
2452 2479 2483 2507 '⁹
2567 2490 2898 2566 suspicatus

707 2607 836 2656 erat
855 2595 1183 2674 Fogginius
1211 2594 1310 2651 vel
1340 2595 1500 2651 male
1536 2592 1870 2651 indicatum
1900 2588 2059 2651 hunc
2087 2590 2351 2651 codicem
2376 2591 2561 2647 fuisse
2588 2592 2689 2649 vel
2710 2594 2900 2650 muti-

704 2701 837 2759 lum
867 2700 1195 2769 exstitisse,
1256 2716 1392 2753 cum
1431 2705 1582 2754 teste
1628 2699 1991 2774 cuspiniano
2018 2695 2311 2753 Budensis
2356 2696 2595 2751 initium
2638 2706 2902 2753 sumeret

708 2803 782 2859 ab
815 2800 979 2859 hisce
1007 2799 1237 2857 verbis:
1303 2799 1508 2874 signa,
1552 2797 1732 2853 daces
1755 2809 1899 2853 etc.:
1945 2796 2052 2854 sed
2076 2815 2237 2851 nunc
2258 2803 2423 2871 patet
2448 2797 2800 2873 neutiquam
2832 2796 2903 2853 id

708 2922 858 2961 esse.
960 2902 1084 2957 imo
1139 2917 1219 2955 ex
1270 2897 1375 2956 illa
1424 2917 1569 2954 voce
1625 2897 1880 2955 Victoris
1930 2905 2155 2952 constat
2202 2896 2588 2952 casinensem
2631 2896 2906 2958 codicem

698 3004 1141 3084 praefationem
1174 3000 1356 3055 etiam
1390 2994 1703 3072 habuisse,
1773 3017 1956 3078 quam
1984 3016 2126 3076 prae
2157 3017 2220 3054 se
2244 2997 2360 3053 fert
2386 3015 2624 3075 quoque
2649 3000 2901 3057 Trivul-

709 3111 928 3164 tianus.
1030 3113 1232 3160 utrum
1278 3099 1491 3158 eadem
1534 3103 1787 3159 caruerit
1825 3122 1920 3159 ms
1961 3097 2292 3172 Budensis,
2357 3117 2436 3154 ex
2475 3117 2594 3177 quo
2631 3105 2902 3161 recitavit

712 3209 1109 3287 cuspinianus
1145 3205 1372 3282 priores
1406 3206 1670 3283 quinque
1714 3225 1921 3263 versus
1959 3205 2254 3283 poematis
2297 3199 2565 3258 eiusdem
2602 3207 2665 3260 in
2694 3225 2797 3262 suo
2824 3207 2901 3263 (Ie

723 3308 1080 3370 Caesaribus
1112 3317 1167 3363 et
1190 3305 1648 3382 imperatoribus
1674 3310 1825 3367 libro
1844 3354 1860 3383 ‚
1919 3309 2023 3365 ubi
2057 3305 2132 3363 de
2156 3307 2483 3362 Iustiniano
2513 3310 2666 3385 agit,
2725 3309 2898 3367 nobis

713 3433 836 3471 non
862 3413 1071 3491 liquet.
1161 3411 1383 3466 etenim
1418 3421 1653 3488 praeter
1684 3412 1926 3469 titulum
1954 3421 2013 3468 et
2051 3411 2188 3467 illos
2222 3412 2484 3489 quinque
2513 3429 2715 3467 versus
2734 3452 2750 3482 ,
2816 3429 2900 3466 ex

713 3515 927 3594 quibus
955 3534 1017 3570 re
1042 3533 1184 3570 vera
1224 3515 1433 3591 incipit
1471 3520 1687 3592 poema
1724 3517 1945 3596 quique
1980 3511 2251 3571 eiusdem
2280 3522 2696 3591 argumentum
2723 3511 2897 3570 nobis

713 3627 848 3674 ante
876 3617 1077 3674 oculos
1107 3626 1339 3694 ponunt
1358 3661 1374 3691 ,
1436 3615 1591 3674 nihil
1619 3615 1784 3675 aliud
1814 3616 1887 3675 de
1914 3620 2019 3677 illo
2045 3639 2141 3676 ms
2167 3618 2561 3695 cnspinianus
2586 3615 2898 3672 nobiscum

711 3720 1186 3776 communicavit.
1273 3730 1553 3777 neutrum
1608 3730 1808 3779 autem
1865 3740 2071 3778 eorum
2121 3716 2391 3778 codicum
2429 3713 2505 3773 ad
2550 3736 2660 3773 nos
2710 3736 2900 3795 usque

709 3818 1059 3899 perdurasse
1077 3865 1094 3895 ,
1158 3840 1279 3879 non
1318 3823 1619 3880 immerito
1665 3833 1754 3881 est
1792 3820 2142 3895 dicendum,
2203 3839 2339 3877 cmn
2378 3815 2646 3875 nondum
2683 3823 2900 3894 pocma

709 3921 862 3980 illud
903 3933 1031 3980 tam
1079 3921 1181 3982 diu
1227 3931 1557 4004 expetitum
1598 3928 1665 3981 in
1714 3926 1911 3981 lucem
1945 3924 2206 3993 venerit3
2253 3939 2365 3975 nec
2413 3916 2609 3975 adhuc
2650 3921 2784 3975 sciri
2819 3919 2895 3975 ab

709 4026 835 4083 ullo
855 4028 1048 4104 potuit
1074 4025 1222 4107 quid
1242 4030 1364 4087 illis
1396 4027 1697 4088 codicibus
1725 4028 1952 4083 factum
1980 4028 2076 4098 sit,
2119 4039 2312 4100 quove
2338 4023 2732 4097 pervenerint.
2823 4018 2899 4078 de

713 4128 1023 4186 Casinensi
1066 4132 1228 4186 enim
1250 4131 1574 4207 Fogginius
1611 4130 1735 4185 iam
1769 4129 1961 4186 factus
2008 4127 2203 4182 fuerat
2240 4124 2479 4198 certior,
2539 4133 2607 4180 ut
2630 4125 2759 4200 ipse
2795 4125 2897 4197 ait,

714 4250 749 4288 a
775 4232 901 4302 viro
929 4230 1099 4290 docto
1126 4232 1289 4287 illius
1315 4228 1710 4290 bibliothecae
1745 4239 2040 4302 curatore,
2083 4226 2318 4284 nullam
2341 4226 2427 4283 ibi
2454 4237 2673 4286 restare
2701 4246 2900 4284 mem-

714 4333 963 4392 branam
1004 4351 1157 4412 quae
1196 4334 1494 4391 cresconii
1538 4351 1757 4390 nomen
1793 4350 1937 4409 prae
1970 4349 2034 4390 se
2074 4331 2262 4405 ferat,
2321 4331 2555 4388 nullam
2579 4332 2644 4388 in
2675 4348 2790 4410 qua
2822 4325 2899 4384 de
