3210 5200
734 417 880 487 330
1377 414 1662 483 NOTAE
1708 414 1801 481 IN
1842 414 2170 481 LIBRUM
2218 416 2250 481 Ι

732 596 1067 662 egressum3
1113 599 1192 638 ex
1215 580 1292 638 IC
1311 588 1370 638 et
1393 581 1528 639 aliis
1557 578 1759 639 docuit
1786 576 2223 640 eruditissimus
2249 580 2473 641 Savaro
2506 579 2582 638 ad
2599 579 2917 641 Sidonium

729 687 908 728 suum
944 671 972 727 1
1008 684 1104 742 ep.
1128 664 1170 729 6
1206 676 1265 723 et
1297 663 1580 723 ad-carm.
1610 669 1673 728 2.
1760 664 1916 725 adde
1946 665 2366 726 Cassiodorum
2390 671 2429 730 9
2458 687 2552 745 ep.
2581 671 2640 742 6,
2669 678 2728 725 et
2760 675 2916 746 poe-

731 763 821 811 tas
837 796 855 825 ,
899 748 1300 809 Claudianum
1328 749 1402 809 de
1441 755 1481 815 6
1524 754 1684 809 Hon.
1714 753 2057 811 consulatu:
2116 755 2417 830 exczpiunt
2438 773 2615 810 arcus
2639 773 2916 830 operosa-

732 858 847 916 que
878 837 1088 892 semita
1118 834 1313 893 ductis
1340 835 1616 894 molibus.
1708 835 1881 897 ovid.
1908 836 1985 895 de
2016 840 2161 897 Arte
2189 842 2264 901 3:
2307 859 2416 896 nec
2440 841 2588 917 quia
2612 838 2918 896 caerulme

730 921 884 978 mole
887 921 1201 999 sugantur
1234 941 1448 1000 aquae.
1541 925 1767 981 Lucan.
1798 927 1875 984 2:
1939 923 2049 980 sed
2071 922 2328 980 molibus
2352 924 2548 981 undas
2576 924 2821 981 obstruit
2857 936 2920 982 et

730 1006 924 1063 latum
949 1006 1185 1064 deiectas
1211 1006 1461 1084 rupibus
1491 1027 1734 1087 aequor.
1808 1009 2006 1067 Valer.
2038 1010 2234 1067 Flacc.
2261 1011 2587 1088 Argonaut.
2626 1013 2694 1075 1²
2738 1010 2916 1089 longo

731 1091 914 1149 moles·
942 1113 1062 1149 non
1075 1094 1298 1170 pervia
1311 1103 1519 1170 ponto.
1613 1095 1897 1152 Dsnu’sr.

904 1197 1041 1258 128.
1126 1196 1279 1253 forte
1294 1198 1460 1274 perit
1488 1198 1762 1273 impetus·
1825 1214 1944 1253 non
1971 1204 2171 1252 tamen
2198 1215 2348 1273 opus
2372 1197 2703 1253 mutatione
2735 1207 2913 1274 puto:

729 1300 840 1362 par
877 1282 1040 1340 enim
1081 1283 1265 1338 etiam
1302 1283 1368 1338 in
1402 1282 1507 1339 illo
1539 1301 1768 1339 seusus.
1854 1282 1940 1339 sic
1973 1279 2367 1338 Claudianus:
2411 1283 2682 1337 vanescit
2715 1283 2919 1341 inanis

729 1370 1010 1445 impetus,
1053 1377 1108 1422 et
1118 1366 1370 1444 fractae
1394 1367 1644 1424 redeunt
1666 1369 1734 1424 in
1761 1376 1957 1423 castra
1970 1365 2289 1442 procellae.
2378 1368 2625 1424 Bsarn.

905 1471 1045 1532 130.
1129 1471 1479 1528 Maroniana
1516 1470 1772 1527 imitatio
1820 1476 1931 1527 est.
2015 1465 2124 1525 sed
2168 1469 2385 1527 melius
2438 1488 2573 1526 mea
2630 1470 2921 1548 opinione

729 1556 965 1634 legetur
989 1557 1177 1631 patri.
1227 1557 1474 1613 EAM-n.
1560 1554 1872 1633 legebatur
1884 1554 2106 1631 pah-is.

904 1660 1047 1721 138.
1132 1659 1296 1715 laesa
1322 1668 1411 1716 est
1443 1655 1925 1714 distinctiuncula
1943 1700 1959 1730 ‚
2017 1674 2201 1738 quam
2228 1650 2603 1713 doctissimus
2626 1655 2917 1735 interpres

731 1751 962 1823 poterat
991 1742 1303 1819 corrigere.
1389 1742 1614 1799 scribe:
1656 1741 2040 1819 Augustum,
2097 1739 2354 1810 Iustine,
2397 1758 2617 1817 genus.-
2665 1752 2719 1797 te
2735 1745 2915 1819 prin-

731 1830 861 1903 cepe
891 1826 1164 1903 dignum.
1256 1835 1464 1905 estque
1506 1845 1586 1882 ex
1627 1827 1733 1884 illo
1774 1835 1981 1884 sextae
2006 1823 2349 1884 Aeneidos:
2405 1824 2730 1904 Augzoetus
2766 1827 2916 1884 Cae-

727 1934 857 1982 sar,
898 1911 1109 1968 divum
1126 1932 1341 1990 genus.
1431 1912 1681 1969 Burru-

896 2011 978 2071 ib.
1058 2015 1369 2092 principe]
1421 2011 1537 2071 hoc
1579 2023 1670 2072 est
1693 2013 2075 2090 principatu,
2137 2022 2205 2069 ut
2246 2011 2405 2068 infra
2430 2011 2469 2073 8
2508 2008 2656 2074 124:
2697 2022 2914 2089 qum-lo

725 2098 992 2169 conside5
1036 2116 1145 2157 seu
1176 2100 1369 2158 mavis
1389 2141 1407 2173 ,
1450 2096 1704 2179 dignum
1727 2108 1795 2156 ut
1822 2108 1880 2155 te
1908 2099 2186 2176 princeps
2212 2097 2278 2154 in
2296 2114 2690 2155 successorem
2715 2097 2915 2174 elige-

724 2195 836 2245 ret.
922 2186 1123 2244 Foco.

900 2290 1042 2351 187.
1125 2287 1385 2358 Iustinus
1416 2288 1609 2360 enim,
1670 2294 1737 2342 ut
1771 2293 1999 2343 constat
2037 2303 2119 2341 ex
2149 2279 2414 2340 Iohanne
2441 2284 2703 2356 Zonara,
2751 2281 2915 2360 apud

723 2373 1092 2432 avunculum
1117 2374 1516 2432 Iustinianum
1543 2389 1843 2430 summam
1874 2388 2046 2427 curae
2077 2369 2287 2448 palatii
2315 2366 2687 2445 dignitatem,
2733 2386 2914 2446 quam

723 2459 1166 2538 curopalatem,
1229 2477 1309 2516 ex
1348 2458 1563 2515 Latino
1597 2458 1827 2514 factum
1848 2475 2102 2529 nomen,
2149 2455 2361 2510 Graeci
2382 2464 2633 2527 vocant,
2679 2454 2914 2520 obtine-

721 2545 847 2603 bat.
935 2546 1032 2603 cui
1071 2553 1280 2623 postea
1308 2545 1545 2602 Caesari
1591 2544 1715 2599 iam
1759 2539 1834 2597 de
1860 2561 2042 2599 .more
2082 2538 2381 2618 appellato
2411 2537 2746 2595 Baduarius
2785 2540 2914 2595 eius

723 2649 912 2708 gener
950 2634 1016 2687 in
1056 2628 1271 2688 eadem
1312 2628 1602 2709 dignitate
1634 2630 1947 2703 successit,
2006 2637 2071 2685 ut
2104 2626 2422 2684 manifesto
2450 2635 2616 2703 patet
2642 2625 2911 2699 inferius,

721 2720 767 2779 2
810 2713 955 2778 284.
1008 2718 1195 2775 Rmz.
1279 2717 1641 2773 Iustinianus
1702 2711 1882 2789 dedit*
1926 2714 2135 2791 palatii
2185 2729 2387 2767 curam
2423 2711 2629 2788 nepoti
2667 2711 2911 2784 Iustino,

721 2802 833 2880 qui
863 2798 1000 2859 ideo
1030 2800 1406 2879 curopalates
1436 2799 1628 2856 dictus
1646 2816 1666 2855 z
1709 2800 1960 2856 Diacon.
1994 2800 2094 2871 16,
2127 2794 2428 2853 cedrenus
2457 2806 2518 2852 et
2542 2796 2669 2852 alii.
2754 2804 2814 2851 at
2841 2815 2913 2852 eo

722 2904 1031 2942 summum
1074 2885 1288 2964 adepto
1335 2886 1660 2964 imperium
1703 2882 2034 2942 Baduarius
2075 2901 2260 2960 gener
2295 2881 2396 2938 vel
2435 2878 2785 2952 Biduarius,
2847 2889 2914 2937 ut

727 2967 946 3043 dicam,
990 2968 1056 3027 id
1083 2972 1348 3028 muneris
1376 2973 1649 3028 sortitus:
1693 2970 1850 3026 infra
1884 2973 1925 3031 2
1953 2966 2098 3032 234.
2157 2964 2221 3023 id
2254 2965 2435 3024 officii
2469 2965 2575 3023 diu
2599 2976 2731 3022 ante
2752 2961 2914 3022 haec

727 3065 1017 3134 tempora.
1106 3053 1316 3114 Sidon.
1350 3057 1618 3133 Apollin.
1650 3074 1831 3113 carm.
1863 3057 1964 3118 23.
2049 3053 2273 3111 Savaro
2316 3053 2425 3108 ibi.
2514 3054 2675 3108 intra
2700 3049 2915 3106 malam

727 3143 914 3197 soceri
934 3142 1054 3198 mei
1076 3143 1386 3220 expetitus,
1431 3161 1641 3199 curam
1667 3161 1805 3198 cum
1836 3138 2170 3197 modenam
2201 3157 2261 3194 es
2279 3137 2508 3214 palati.
2570 3134 2745 3194 huius
2770 3155 2913 3193 mu-

727 3245 841 3282 nus
877 3237 1002 3284 erat
1029 3236 1096 3284 ut
1129 3247 1316 3284 aurea
1350 3227 1527 3305 virga
1568 3227 1879 3284 decoratus
1922 3226 2072 3284 inter
2107 3222 2390 3301 obsequia
2432 3242 2745 3280 mma-osa
2775 3232 2915 3277 ante

718 3309 906 3386 pedes
929 3313 1124 3389 regios
1137 3313 1379 3389 primus
1406 3313 1716 3370 incederet.-
1766 3308 2100 3369 Cassiodor-
2124 3314 2167 3373 7
2197 3329 2293 3387 ep.
2324 3308 2385 3371 5.
2470 3319 2530 3365 et
2556 3305 2714 3387 apud
2736 3308 2913 3362 illum

729 3396 1149 3474 curapalatii,
1192 3407 1259 3456 nt
1285 3396 1406 3457 hic.
1493 3418 1604 3478 ego
1641 3416 1803 3471 vero,
1848 3416 1987 3454 cum
2018 3406 2077 3453 et
2100 3396 2378 3452 carminis
2409 3395 2516 3451 lex
2547 3413 2669 3450 non
2698 3392 2913 3466 obstet,

727 3493 790 3538 et
821 3483 1183 3541 vocabulum
1205 3481 1322 3543 hoc
1353 3484 1514 3558 aevi,
1574 3503 1693 3564 quo
1718 3484 1831 3541 ista
1862 3482 2286 3554 scribebantur,
2331 3480 2408 3538 sit
2435 3479 2909 3551 usitatissimum,

726 3571 934 3645 putavi
965 3567 1318 3646 legendum:
1377 3572 1670 3627 vocitatus
1697 3568 2090 3646 curopalates.
2183 3576 2242 3623 et
2269 3584 2410 3624 sane
2439 3583 2623 3644 quem
2650 3566 2913 3620 Zonaras

725 3651 1187 3734 κουροπαλᾶτην
1221 3666 1265 3713 t.
1298 3660 1339 3720 8
1380 3657 1445 3711 in
1484 3658 1748 3730 Iustino,
1805 3655 1871 3711 in
1910 3656 2113 3711 Leone
2154 3655 2357 3710 Isauro
2404 3661 2463 3707 et
2501 3652 2566 3706 in
2605 3649 2914 3706 Stauracio

722 3741 991 3816 appellat
1009 3784 1026 3815 ,
1071 3761 1281 3798 caram
1296 3740 1528 3817 palatii
1553 3750 1729 3798 vocat
1752 3741 2106 3797 Ammianus
2134 3739 2215 3800 31
2236 3782 2252 3812 ,
2298 3746 2363 3793 ut
2402 3746 2622 3794 certum
2641 3733 2719 3789 sit
2740 3728 2910 3788 idem

725 3842 880 3881 esse.
963 3835 1133 3884 notat
1154 3829 1456 3883 maximus
1480 3826 1817 3883 Brissonius
1836 3869 1852 3900 ‚
1898 3835 1957 3882 et
1983 3825 2216 3881 monuit
2238 3843 2340 3879 me
2380 3823 2471 3878 vir
2498 3817 2774 3875 acerrimi
2809 3818 2911 3873 iu-

727 3905 870 3966 dicii
909 3919 969 3967 et
1010 3912 1342 3970 multisciae
1379 3913 1444 3968 in
1489 3912 1731 3969 Graecis
1774 3911 2119 3989 Latinisque
2155 3909 2455 3980 lectionis,
2520 3905 2619 3961 Fr.
2662 3902 2911 3960 Sizaeus

722 3996 936 4070 Sento,
988 4015 1196 4054 curam
1211 3996 1443 4075 palatii
1465 3997 1763 4053 nominari
1787 3996 1861 4053 ab
1893 3996 2151 4053 Honorio
2177 3996 2335 4072 Aug.
2362 3994 2407 4051 1.
2439 3997 2480 4056 7
2513 3991 2579 4048 C.
2606 3986 2680 4046 de
2706 3987 2910 4044 comit.

727 4090 787 4137 et
814 4081 951 4138 trib.
977 4081 1230 4140 scholar.
1265 4085 1309 4141 1.
1346 4087 1443 4146 12.
1486 4083 1768 4139 Dsursr.
1857 4080 2260 4157 curopalatem
2302 4087 2516 4137 vocant
2554 4075 2906 4132 recentiores

725 4164 993 4226 historici
1028 4168 1407 4226 Graecorum.
1497 4164 1658 4244 apud
1682 4164 1964 4224 Photium
1990 4162 2277 4223 Biblioth.
2306 4164 2533 4220 nullius
2558 4162 2753 4217 maior
2777 4158 2908 4234 glo-

728 4255 818 4310 ria
851 4271 1031 4333 quam
1057 4253 1462 4330 curopalatae.
1553 4251 1970 4329 cwppalatam
2011 4261 2149 4307 aute
2191 4247 2377 4328 pedes
2412 4249 2608 4323 regios
2649 4246 2910 4322 primum

728 4339 1037 4396 incessisse
1064 4337 1219 4394 inter
1248 4356 1565 4397 numerosa
1596 4337 1879 4416 obsequia
1898 4379 1915 4410 ,
1964 4336 2132 4413 virga
2162 4354 2339 4393 aurea
2375 4331 2752 4402 decoratum,
2812 4347 2910 4383 re-

729 4422 846 4480 fert
870 4419 1252 4482 Cassiodorus
1274 4429 1315 4488 7
1357 4426 1583 4485 Variar.
1628 4421 1933 4483 dicebatur
1967 4423 2149 4480 etiam
2193 4419 2374 4502 μέγας
2410 4413 2787 4497 δομέστικος,
2845 4421 2912 4467 ut
