3210 5200
1176 385 1658 454 PRAEFATIO.
2392 410 2522 459 xxv

324 548 525 617 tore.’'
607 553 675 613 in
713 552 985 613 subiecta
1023 562 1226 612 autem
1261 564 1403 613 nota
1432 549 1910 615 Mazzuchellius
1942 554 2083 617 citat
2108 554 2435 631 Quadi-ium
2463 570 2522 620 et

319 657 704 718 Zachariam.

501 763 741 819 Constat
781 775 930 815 sane
977 752 1376 817 hallucinatos
1421 779 1552 817 esse
1602 757 1782 817 hosce
1837 758 2148 838 scriptores
2190 760 2255 819 in
2297 760 2521 821 descri-

324 862 533 922 bendo
573 860 777 921 codice
820 860 923 940 qui
964 861 1226 916 continet
1263 861 1506 938 Corippi
1543 866 1761 938 poema
1792 856 2197 938 deperditum,
2245 864 2354 920 etsi
2384 884 2522 921 eum

326 968 566 1044 priores
605 963 728 1020 duo
768 964 1156 1040 inspexerunt
1181 972 1241 1019 et
1264 971 1682 1019 tractaverunt.
1766 971 2075 1038 praeterea
2116 966 2334 1021 erravit
2359 967 2521 1036 Qua-

332 1064 512 1123 drius
538 1075 597 1123 et
617 1074 750 1143 post
780 1084 918 1121 eum
942 1060 1407 1122 Mazzuchellius
1434 1066 1498 1120 in
1527 1060 1885 1140 assignanda
1913 1073 2105 1120 aetate
2136 1084 2273 1121 cum
2302 1064 2522 1124 codicis

337 1165 612 1225 eiusdem
649 1177 780 1223 tum
818 1162 1102 1223 Iohannis
1134 1163 1210 1222 de
1241 1166 1459 1223 Bonis:
1506 1166 1729 1222 etenim
1758 1182 1837 1220 ex
1866 1164 1941 1222 iis
1977 1183 2127 1244 quae
2159 1166 2313 1223 infra
2344 1166 2418 1224 de
2448 1187 2520 1225 eo

334 1270 623 1343 referam,
664 1269 977 1348 perspicue
1004 1268 1230 1346 patebit
1252 1270 1476 1326 vixisse
1503 1264 1664 1324 hunc
1688 1266 1926 1324 saeculo
1953 1277 2209 1324 exeunte
2240 1270 2317 1332 14
2335 1313 2352 1343 ‚
2395 1288 2520 1326 non

336 1380 543 1428 autem
582 1374 679 1453 13.
765 1366 961 1427 codex
995 1389 1135 1428 vero
1171 1371 1380 1447 incipit
1426 1370 1628 1427 statim
1674 1368 1748 1425 ab
1793 1365 2006 1425 eodem
2043 1376 2318 1446 poemate
2362 1369 2522 1452 quod

332 1491 499 1529 nunc
524 1470 748 1545 editur,
793 1472 1017 1552 absque
1044 1472 1171 1529 ullo
1198 1472 1452 1529 auctoris
1479 1473 1724 1529 nomine
1752 1470 1850 1528 vel
1875 1470 2073 1527 titulo.
2160 1492 2269 1548 ego
2298 1483 2519 1548 autem,

334 1593 478 1631 cum
517 1576 718 1632 iussus
758 1574 982 1631 fuerim
1020 1584 1225 1632 texere
1254 1573 1471 1652 raptim
1499 1573 1744 1631 brevem
1769 1573 2033 1652 aliquem
2062 1571 2325 1631 iudicem
2352 1572 2521 1631 codi-

331 1695 482 1733 cum
518 1675 1063 1750 'remanum-um,
1107 1672 1295 1733 incidi
1332 1676 1399 1731 in
1443 1671 1732 1748 eundem3
1780 1683 1839 1732 et
1875 1694 2014 1732 cum
2052 1676 2279 1755 aliquot
2314 1695 2522 1735 versus

329 1778 765 1856 perlegissem,
807 1777 1007 1833 atatim
1046 1779 1377 1855 suspicatus
1417 1796 1552 1835 sum
1582 1796 1685 1836 eos
1710 1795 1832 1834 non
1858 1796 2067 1855 sapere
2097 1778 2405 1837 saeculum
2440 1780 2518 1844 13

328 1898 455 1937 :neo
475 1877 578 1942 14.
662 1896 743 1935 ex
775 1877 884 1935 illo
919 1888 1121 1936 autem
1143 1898 1322 1937 versu
1344 1879 1422 1943 16
1448 1879 1588 1938 libri
1615 1882 1673 1953 1,
2453 1878 2457 1883 ’

586 1979 928 2037 Iustiniana
938 2021 968 2051 ,
1013 1983 1131 2038 tuis
1146 2023 1169 2052 ,
1202 1982 1482 2059 princeps
1494 2022 1522 2052 ,
1563 2001 1811 2061 assurge
1851 1980 2195 2059 triumphis,

333 2080 662 2140 coniectavi
706 2078 786 2138 ad
830 2084 1147 2169 Iustiniani
1184 2085 1391 2161 Magni
1429 2086 1802 2163 imperatoris
1837 2095 2094 2143 aetatem
2121 2089 2336 2161 poema
2367 2080 2524 2142 illud

334 2204 467 2242 esee
508 2180 961 2242 retrahendum.
1046 2186 1227 2263 paulo
1262 2196 1398 2265 poet
1436 2187 1500 2243 in
1542 2186 1826 2244 exteriori
1849 2196 2016 2265 parte
2044 2185 2317 2260 tabulae,
2370 2205 2525 2267 quae

336 2287 484 2363 tegit
527 2296 586 2343 et
626 2284 854 2344 claudit
888 2278 1160 2344 codicem
1196 2289 1428 2368 ipsum,
1470 2288 1724 2346 infixam
1770 2289 2053 2367 perspexi
2093 2289 2276 2347 clavis
2314 2289 2527 2347 ferreis

336 2407 586 2466 parvam
625 2385 982 2446 schedulam
1014 2390 1569 2465 membranaceum,
1615 2392 1680 2448 in
1710 2410 1827 2471 qua
1852 2390 2007 2447 bene
2042 2390 2164 2446 lota
2196 2399 2257 2446 et
2290 2400 2527 2447 extersa

338 2488 589 2548 tandem
609 2491 807 2568 legere
832 2493 1004 2569 potui
1038 2491 1375 2551 Crestonim
1401 2493 1500 2551 vel
1535 2493 1899 2551 Cresconius.
1984 2500 2127 2547 tunc
2153 2493 2346 2569 patuit
2373 2487 2527 2548 mihi

339 2588 495 2674 quid
538 2603 692 2651 esset
732 2598 946 2672 poema
962 2637 980 2668 ‚
1028 2591 1191 2675 quod
1227 2592 1519 2667 Quadrius
1566 2595 1788 2676 aliique
1833 2589 2089 2651 Iohanni
2116 2591 2190 2651 de
2221 2593 2403 2651 Bonis
2429 2594 2542 2650 in-·

340 2696 618 2753 consulto
661 2695 1009 2770 tribuerant,
1055 2705 1116 2753 et
1155 2698 1431 2776 quisnam
1465 2706 1622 2754 esset
1651 2696 1779 2752 eius
1809 2713 1984 2752 verus
2012 2683 2219 2752 auctor
2236 2739 2253 2769 ,
2300 2696 2395 2752 cui
2430 2715 2527 2752 re-

336 2793 709 2855 stituendum
736 2798 1042 2876 extemplo
1072 2798 1278 2857 nullus
1313 2797 1601 2856 dubitavi.
1685 2795 2031 2856 mirandum
2059 2817 2203 2855 sane
2233 2809 2322 2856 est
2348 2818 2528 2877 prae-

334 2899 512 2977 cipue
534 2896 862 2970 Quodn-ium
879 2943 897 2974 ‚
938 2909 1007 2958 ut
1032 2901 1116 2957 ita
1138 2898 1366 2976 dicam,
1412 2899 1857 2975 dormitavisse‚
1902 2919 2040 2958 cum
2062 2901 2338 2958 manibus
2365 2898 2528 2957 huno
2571 2897 2572 2906 ’

335 2999 612 3059 codicem
643 3011 928 3059 versaret.
1012 3003 1066 3060 is
1106 3003 1270 3059 enim
1310 3013 1474 3061 tomo
1514 3008 1555 3067 6
1601 3005 1762 3061 citati
1809 3003 2005 3081 operis
2043 3004 2139 3061 sui
2175 3004 2296 3062 iam
2333 2999 2526 3060 disse-
2571 3011 2576 3018 '

336 3113 538 3162 ruerat
580 3101 657 3161 de
693 3114 898 3162 nostro
939 3104 1193 3182 Corippo
1235 3115 1409 3186 atque
1454 3103 1530 3162 de
1570 3106 1919 3179 Cresconio‚
1963 3113 2178 3183 putans
2224 3124 2325 3163 eos
2373 3102 2523 3163 duos

336 3225 472 3265 esse
510 3213 751 3284 poetas,
806 3225 1114 3287 unumque
1160 3208 1271 3265 sub
1317 3209 1542 3265 Iustino
1574 3213 1618 3271 2
1659 3210 2047 3287 imperatore,
2109 3207 2364 3264 alterum
2410 3206 2520 3263 sub

336 3310 594 3367 Leontio
629 3309 930 3381 ssonlisse3
986 3309 1161 3366 illum
1201 3311 1657 3386 grammaticum
1693 3311 1877 3371 fuisse
1893 3353 1910 3383 ‚
1952 3305 2114 3366 hunc
2154 3309 2519 3387 episcopum,

336 3420 657 3491 utrumque
707 3411 1079 3470 Africanum.
1163 3410 1273 3470 sed
1318 3413 1503 3490 ipsius
1548 3412 1729 3468 verba
1770 3409 2104 3468 audiamus.
2189 3431 2252 3489 p.
2296 3414 2417 3474 668
2462 3419 2523 3468 et

335 3530 472 3592 seq.
498 3509 650 3570 haec
669 3510 873 3570 habet.
953 3504 1209 3570 “Flavio
1234 3514 1548 3572 cresconio
1579 3513 1832 3590 Corippo
1850 3555 1867 3585 ,
1908 3513 2233 3588 gimnatico
2251 3556 2268 3587 ‚
2312 3504 2526 3570 riveva

336 3614 401 3671 ε’
434 3617 626 3692 tempi
662 3613 724 3672 di
753 3616 1028 3673 Giustino
1058 3620 1100 3680 2
1141 3613 1536 3692 imperadore.
1623 3615 1835 3673 scrisse
1872 3614 1937 3672 in
1981 3616 2260 3670 esametri
2292 3625 2526 3694 quattro

334 3716 486 3774 libri
507 3717 573 3773 in
595 3714 732 3775 lode
758 3715 862 3775 del
883 3716 1155 3797 predetto
1186 3719 1495 3792 Giustino,
1546 3714 1640 3774 de’
1673 3715 1838 3797 quali
1866 3709 1970 3794 piu
2010 3712 2269 3774 edizioni
2299 3717 2352 3778 si
2385 3737 2534 3777 sono

334 3817 487 3875 fatte
510 3828 641 3875 etc.
727 3820 938 3878 scrisse
979 3840 1128 3898 pure
1171 3817 1332 3877 delle
1369 3838 1580 3897 guerre
1624 3816 1689 3879 di
1729 3818 2004 3877 Giustino
2041 3826 2243 3876 contra
2275 3815 2531 3878 Vandali

336 3920 484 3976 nell’
523 3918 784 3993 Affrioa,
830 3922 875 3977 il
917 3918 1030 3979 che
1064 3922 1127 3981 lo
1165 3932 1353 3981 stesso
1395 3923 1648 4001 corippo
1684 3920 1848 3978 nella
1884 3920 2225 3999 pre-fazione
2261 3917 2361 3978 del
2390 3940 2532 3999 pre-

342 4017 506 4079 detto
539 4022 694 4080 libro
727 4040 1008 4083 accenna.
1092 4042 1194 4081 ma
1227 4024 1417 4105 quest'
1451 4043 1633 4103 opera
1660 4022 1697 4082 ὁ
1725 4020 1999 4102 perduta.
2083 4023 2132 4081 il
2169 4023 2532 4101 Cuspiniano

335 4140 499 4198 appo
524 4125 573 4180 il
612 4125 819 4181 Mineo
862 4137 1193 4185 rammenta
1223 4145 1370 4205 pure
1403 4123 1466 4183 di
1492 4134 1700 4207 questo
1728 4135 1905 4203 poeta
1936 4125 1996 4182 la
2038 4124 2415 4184 Giovannide
2427 4165 2455 4193 ,
2498 4143 2533 4178 e

331 4219 569 4280 credesi
609 4235 736 4283 star
775 4230 1162 4287 manoscritta
1197 4228 1300 4289 nel
1340 4229 1665 4287 monistero
1692 4219 2071 4286 ominem?
2154 4229 2288 4309 quis
2330 4232 2531 4282 autem

325 4324 527 4384 fuerit
562 4327 670 4386 ille
712 4328 925 4387 Minoo
937 4371 965 4401 ,
1007 4330 1175 4390 cuius
1216 4326 1317 4390 hic
1349 4340 1439 4391 est
1462 4330 1721 4409 mentio,
1763 4347 2061 4414 nusquam
2100 4327 2346 4407 repet-13=
2372 4317 2532 4380 unde
