3210 5200
693 420 835 492 382
1311 466 1318 473 .
1349 412 1635 482 NOTAE
1681 410 1773 478 IN
1822 409 2161 477 LIBRUM
2190 407 2255 476 Π

862 588 1006 652 238.
1090 590 1158 640 ut
1206 599 1384 659 supra
1428 583 1494 639 in
1536 579 1725 638 servis
1768 585 1873 636 aut
1912 566 2135 636 talibus
2176 574 2429 632 cultum
2454 575 2739 635 diurnum
2772 597 2887 657 pro

696 675 819 733 vita
849 670 1063 729 diuma
1091 665 1269 741 dixit,
1314 668 1398 724 ita
1425 663 1609 724 modo
1635 662 1712 722 de
1736 663 1993 723 rusticis.
2078 663 2166 720 sic
2195 660 2385 718 vitam
2412 660 2720 736 diurnam,
2761 682 2883 743 quo

694 763 756 816 iu
784 757 954 815 diem*
973 773 1126 833 opus
1156 755 1410 832 quisque
1439 749 1644 809 habet.
1725 749 1885 806 infra
1907 769 1967 807 v.
2001 750 2146 809 376.
2232 748 2487 804 Bau-ru.

858 839 1004 906 240.
1050 838 1231 895 bonos
1258 839 1499 895 colonos
1531 833 1697 909 dicit,
1736 831 2484 915 quod-innocentissimum
2513 849 2696 910 genus
2722 832 2875 890 vitae

690 927 1050 1006 agricultura
1079 925 1459 981 aestimatum
1484 925 1562 980 sit
1592 922 1719 978 fere
1751 939 2006 998 semper.
2096 918 2183 974 sic
2209 915 2373 995 apud
2403 926 2634 975 veteres
2659 919 2876 974 Roma-

690 1020 820 1086 nos,
852 1013 968 1090 'qui
996 1010 1263 1067 maxime
1291 1006 1649 1066 laudabatur
1675 1006 1868 1064 bonus
1898 1006 2023 1076 vir',
2070 1000 2258 1059 bonus
2278 1002 2555 1079 agricola
2575 1002 2876 1080 ‚bonusque

692 1092 1297 1165 colonusdicebatur,
1339 1103 1407 1152 ut
1433 1090 1617 1150 tradit
1645 1093 1731 1149 M.
1758 1092 1904 1150 Cato
1932 1089 2106 1147 initio
2137 1087 2211 1144 de
2233 1108 2298 1144 re
2324 1089 2573 1144 rustica.
2632 1097 2694 1144 et
2722 1084 2878 1164 apud

689 1181 1086 1241 Aristotelem'
1129 1179 1366 1236 Politic.
1419 1181 1492 1241 6:
1566 1173 1862 1258 βέλτιστος
1919 1175 2114 1253 δῆμος
2158 1170 2192 1235 ὁ
2228 1169 2574 1255 γεωργικός.
2678 1191 2877 1229 versun

689 1279 891 1325 autem
939 1267 1039 1324 isti
1078 1265 1321 1343 corippi
1377 1260 1565 1320 divini
1617 1270 1756 1320 sunt
1816 1268 1877 1317 e't
1937 1260 2146 1339 quovis
2193 1259 2463 1315 maximo
2515 1266 2650 1316 vate
2674 1254 2877 1334 digni.

687 1356 937 1412 Bam-11.
2568 1372 2595 1395 ‚·
2788 1378 2791 1391 .
2867 1386 2874 1397 ,

855 1434 1002 1500 248.
1086 1435 1350 1493 imitatus
1377 1442 1486 1492 ‘est
1526 1432 1843 1492 Horatium
1887 1431 1921 1492 1
1963 1424 2062 1486 od.
2106 1430 2180 1490 7:
2244 1424 2557 1485 mobilibus
2590 1428 2877 1503 pamm-ia

691 1524 853 1581 rivis.
947 1523 1229 1579 DEMPST.
1832 1557 1839 1563 ·
2594 1510 2599 1514 ⁴

861 1603 1009 1669 244.
1098 1602 1262 1686 quod
1291 1622 1533 1661 sensum
1562 1612 1754 1659 terrae
1780 1597 2092 1671 adscribit,
2159 1616 2312 1677 quae
2339 1596 2496 1654 culta
2524 1593 2879 1675 respondeat

696 1694 861 1752 velut
896 1701 1063 1768 grato
1093 1692 1292 1748 animo
1323 1689 1568 1763 cultori,
1628 1684 1893 1745 alludere
1934 1682 2172 1741 videtur
2196 1681 2621 1761 dialogismmn
2647 1682 2878 1760 perele-

697 1787 940 1856 gantem
965 1776 1115 1832 ruris
1145 1793 1280 1833 cum
1311 1773 1521 1831 colono
1549 1770 1711 1850 apud
1737 1770 2094 1848 Septimium
2121 1769 2434 1842 Serenum,
2465 1769 2571 1848 qui
2600 1767 2879 1845 opuscula

697 1863 849 1920 ruris
882 1860 1245 1937 conscripsit,
1293 1857 1398 1915 ubi
1434 1858 1544 1914 ait:
1590 1858 1790 1935 inquit
1813 1856 2046 1912 amicus
2074 1874 2222 1933 ager
2245 1854 2509 1911 domino.-
2552 1854 2608 1910 si
2630 1851 2770 1913 bene
2796 1853 2883 1909 mi

681 1947 921 2025 facias,
983 1945 1245 2000 memini.
1336 1943 1423 1999 sic
1456 1952 1675 2019 gratus
1708 1961 1853 2018 ager
1893 1941 2235 1997 nominatur
2279 1958 2314 1995 a
2354 1938 2613 1995 Martiali
2651 1942 2726 1999 10
2760 1936 2841 1999 47
2858 1956 2878 1994 ε

696 2052 814 2088 non
846 2030 1124 2109 ingratus
1151 2047 1325 2107 ager,
1349 2026 1540 2105 focus
1553 2029 1856 2103 perennis.
1950 2035 2151 2081 contra
2181 2023 2438 2081 mendax
2458 2022 2725 2101 fundus,
2769 2023 2874 2101 qui

693 2117 829 2193 plus
862 2114 1182 2193 pollicetur
1213 2130 1395 2192 quam
1424 2122 1703 2191 praestat,
1748 2108 1910 2190 apud
1937 2112 2251 2167 Horatium
2280 2114 2319 2172 3
2356 2114 2408 2171 1.
2462 2110 2704 2166 EAM-11.

861 2197 1007 2261 245.
1090 2200 1286 2276 magis
1326 2207 1470 2275 puto
1512 2217 1592 2254 ex
1631 2199 1808 2276 genio
1855 2196 2128 2274 Corippi‚
2190 2196 2278 2251 sic
2331 2191 2469 2251 bene
2498 2195 2863 2270 pronam-ilos.

693 2289 933 2346 Voscx.
1326 2291 1333 2299 “
2440 2331 2444 2335 .

858 2367 941 2425 ib.
1023 2368 1408 2445 promeritos]
1456 2367 1538 2425 ita
1564 2366 1830 2441 restitui,
1876 2386 2014 2425 cum
2043 2375 2216 2425 antea
2239 2365 2540 2444 legeretur
2558 2384 2677 2442 pro
2696 2363 2876 2421 nmi—

691 2457 785 2512 tis.
875 2457 1066 2513 Rrrr.
2724 2500 2725 2503 ,

862 2537 944 2596 ib.
1036 2534 1335 2595 distinctio
1381 2534 1769 2615 sequentibus
1810 2534 1970 2616 apud
1997 2536 2323 2616 Corippum
2347 2532 2527 2592 nihili
2554 2543 2642 2591 est
2672 2534 2868 2612 vulgo.

689 2627 776 2685 sic
804 2622 1171 2684 ordinanda:
1229 2633 1385 2680 terra
1413 2621 1577 2678 velut
1599 2622 1883 2701 pinguis,
1947 2625 2116 2680 cuites
2159 2643 2293 2699 spes
2327 2641 2580 2701 magna.-
2639 2630 2875 2676 senatus

688 2712 790 2767 lzic
813 2711 1003 2790 floret
1026 2710 1262 2768 vitante.
1355 2704 1464 2765 sed
1490 2717 1694 2764 tamen
1726 2718 1784 2765 et
1814 2718 2052 2767 senatus
2083 2727 2219 2787 spes
2231 2706 2576 2786 ‹magna'rei
2604 2704 2872 2783 publicae

689 2794 809 2853 dici
843 2805 1059 2875 potest.
1147 2797 1396 2852 Bau-ru.

855 2878 1002 2944 246.
1091 2877 1370 2937 Barthius
1399 2878 1482 2933 ita
1512 2874 1914 2958 distinguebat
1948 2888 2017 2935 ut
2053 2877 2232 2936 verba
2276 2877 2450 2934 cuius
2488 2896 2622 2954 spes
2650 2896 2870 2955 magna

688 2961 768 3022 ad
791 2965 1080 3041 pinguem
1095 2973 1328 3020 ‘terram
1353 2962 1730 3038 referrentur,
1775 2960 1884 3021 sed
1905 2960 2058 3020 mihi
2086 2960 2305 3021 arridet
2329 2962 2522 3040 magis
2549 2961 2762 3043 referre
2791 2960 2869 3018 ad

692 3048 1143 3127 rempublicam.
1225 3048 1424 3104 Foco.
2864 3073 2871 3076 -

858 3133 1004 3197 250.
1093 3132 1302 3190 fiscum
1349 3130 1800 3208 imperatorium
1859 3143 2161 3211 comparat
2206 3133 2398 3192 ventri
2434 3129 2696 3190 humano
2715 3175 2739 3206 ‚.
2798 3142 2867 3189 ut

692 3221 1003 3277 Menenius
1041 3215 1199 3297 apud
1226 3218 1621 3275 Halicarnass.
1652 3219 1692 3278 6
1738 3214 1816 3274 ad
1855 3216 2036 3276 finem
2085 3230 2357 3277 senatum
2398 3221 2590 3276 ventri
2636 3214 2864 3275 eidem:

690 3301 848 3365 ἔοικέ
876 3326 1007 3375 πως
1031 3296 1394 3385 ἀνθρωπείῳ
1429 3294 1658 3380 σώματι
1684 3295 1890 3379 πόλις,
1936 3323 2117 3384 quem
2142 3306 2343 3362 locum
2375 3300 2564 3361 debeo
2591 3300 2868 3360 eruditis·—

691 3389 842 3446 simo
876 3389 1003 3446 viro
1038 3397 1096 3445 et
1121 3389 1478 3445 amicissimo
1507 3385 1640 3445 Ioh.
1670 3385 1939 3447 Cot-dano
1972 3390 2049 3448 10
2070 3433 2090 3465 ‚
2153 3391 2292 3470 quia
2316 3398 2385 3447 ut
2410 3387 2550 3446 inde
2572 3385 2870 3446 derivatur

692 3474 1045 3532 alimentum
1071 3475 1137 3529 in
1161 3491 1369 3532 omnes
1397 3473 1658 3552 corporis
1682 3484 1911 3552 partes,
1974 3494 2092 3556 quo
2134 3476 2366 3554 singula
2391 3473 2659 3531 membra
2682 3491 2868 3550 vege-

688 3568 920 3633 tentur,
980 3561 1064 3617 ita
1107 3578 1318 3637 regum
1346 3579 1490 3638 opes
1518 3557 1783 3618 subsidio
1813 3579 1941 3618 esse
1970 3558 2189 3617 debent
2214 3560 2439 3618 civibus
2462 3559 2667 3637 inopia
2697 3557 2867 3616 labo-

687 3646 970 3706 rantibus.
1057 3646 1352 3726 Traianus
1381 3647 1687 3722 Augustus
1719 3643 1954 3703 dicebat
1960 3645 2191 3720 fiscum
2220 3646 2367 3704 lieni
2388 3642 2666 3713 similem,
2706 3642 2867 3719 quod

686 3749 748 3784 eo
791 3739 1075 3786 crescente
1111 3740 1282 3787 artus
1316 3729 1533 3808 reliqui
1577 3729 1950 3788 tabescerent.
2039 3733 2244 3790 Aurel.
2279 3733 2479 3790 Victor
2507 3731 2570 3787 in
2594 3727 2860 3801 Iulian03

683 3821 851 3870 notat
875 3816 1170 3873 corasius.
1257 3811 1568 3873 claudian.
1601 3812 1676 3873 de
1703 3815 1744 3878 4
1767 3819 1927 3874 Hon.
1953 3817 2295 3876 consulatu:
2344 3837 2465 3874 non
2486 3825 2591 3871 tua
2600 3813 2862 3889 privatis·

687 3909 954 3960 crescunt
979 3901 1216 3957 aeraria
1245 3900 1500 3957 damnis.
1591 3901 1695 3959 ubi
1721 3903 2034 3977 aerarium,
2078 3900 2242 3984 quod
2267 3903 2449 3960 totius
2476 3910 2562 3957 est
2586 3898 2862 3971 civitatis,

683 3983 884 4062 posuit
920 4004 1026 4063 pro
1063 3983 1232 4059 fisce,
1292 3987 1396 4065 qui
1436 3985 1623 4042 veluti
1661 3989 1959 4064 privatum
1992 3990 2256 4048 Caesads
2291 3997 2381 4045 est
2414 3983 2860 4065 patrimonium.

684 4069 901 4126 Alciat.
934 4070 1214 4128 emblem.
1250 4069 1397 4133 146:
1439 4069 1698 4128 humani
1734 4072 1899 4150 quod
1926 4074 2099 4151 splen
2121 4085 2206 4131 est
2235 4072 2519 4148 corporis,
2561 4071 2625 4126 in
2644 4067 2871 4146 populi-

685 4174 748 4211 re
773 4153 886 4213 hoc
921 4155 1142 4215 Caesar
1147 4154 1378 4228 fiscum
1407 4154 1621 4213 dit-erit
1649 4175 1768 4214 esse
1793 4180 1989 4216 suum.
2063 4160 2224 4234 fisco
2253 4168 2430 4216 aucto
2455 4153 2675 4233 reliqui
2697 4151 2869 4210 tabe—

681 4252 857 4299 scunt
899 4242 1156 4320 cot-ports
1187 4250 1383 4312 artus,
1422 4241 1580 4316 fisco
1611 4253 1786 4301 aucto
1812 4245 2091 4323 argzdtur
2115 4245 2304 4302 civica
2324 4241 2670 4320 pauperies.
2698 4287 2703 4296 .
2762 4235 2861 4295 adi

686 4324 766 4380 ad
793 4326 1214 4385 commentaria
1244 4323 1628 4385 eruditissimi
1658 4330 1816 4387 senis
1848 4326 2084 4390 Claudii
2108 4330 2346 4388 Minois.
2394 4328 2680 4383 Biturs-r.
2733 4323 2877 4380 ele-1.

679 4411 1021 4479 gantissima
1057 4412 1416 4490 comparatio
1435 4456 1452 4488 ‚
1498 4431 1617 4494 qua
1647 4425 1705 4472 et
1731 4410 2068 4473 Hadrianus
2102 4414 2381 4494 pontifex
2410 4430 2555 4470 usus
2586 4419 2676 4468 est
2700 4405 2867 4486 apud
