3210 5200
1181 367 1663 437 PRAEFATIO.
2309 391 2508 445 xxxtx

325 538 466 600 alibi
504 544 663 610 erat,
713 540 785 593 ut
825 549 1006 611 supra
1047 531 1374 593 innuimus.
1453 534 1698 613 insuper
1728 551 1809 594 ex
1833 552 1984 594 mox
2009 534 2200 596 allatis
2231 538 2505 619 Procopii

323 642 515 701 verbis
543 645 711 718 patet
739 630 1079 694 Iohannem
1100 654 1224 693 non
1247 636 1545 697 traiecisse
1578 639 1644 697 in
1680 635 2047 710 Sardiniam,
2089 647 2159 695 ut
2188 640 2270 698 ait
2295 642 2501 699 Mura-

324 744 505 801 torius
546 741 677 798 loco
719 738 897 795 citato
915 778 934 809 ,
979 732 1091 793 secl
1134 735 1386 795 classem
1417 746 1651 795 tantum
1676 737 1820 795 illue
1852 738 2087 797 misisse
2125 748 2326 799 contra
2351 743 2500 801 Got-

319 841 476 903 thos.
559 839 712 898 haec
745 848 949 899 autem
976 838 1159 895 etiam
1183 834 1449 907 indicant
1474 837 1705 895 bellum
1726 848 1926 897 contra
1953 841 2191 898 Mauros
2216 841 2340 899 iam
2360 862 2500 920 per-

316 946 547 1003 fectum
571 943 792 1015 fuisse,
833 950 898 997 ut
925 948 1091 1016 patet
1118 957 1355 1018 quoque
1385 957 1464 995 ex
1488 938 1667 1015 paulo
1696 958 1875 1017 supra
1905 941 2080 1003 citato
2114 962 2170 999 c.
2196 946 2272 1009 17
2299 943 2439 1005 libri
2459 944 2500 1010 4

315 1046 615 1122 Procopii.
697 1040 837 1103 hinc
893 1042 1075 1098 etiam
1122 1038 1503 1099 statuendum
1548 1042 1660 1105 erit
1699 1042 1927 1101 bellum
1970 1039 2087 1101 hoc
2126 1045 2496 1121 Afficanum,

320 1145 484 1227 qnod
524 1145 734 1205 cecinit
771 1144 1058 1221 Conippus
1095 1150 1327 1215 noster,
1387 1140 1669 1201 accidisse
1712 1161 1868 1202 anno
1904 1146 2132 1203 circiter
2172 1144 2331 1221 550,
2373 1166 2497 1211 non

312 1268 455 1309 vero
502 1266 657 1304 anno
695 1242 849 1320 547,
904 1254 974 1303 ut
1010 1232 1206 1301 innuit
1246 1243 1598 1318 Morcellus,
1653 1264 1765 1303 nec
1797 1247 1986 1305 multo
2023 1248 2223 1307 minus
2259 1268 2421 1307 anno
2453 1253 2496 1314 8

311 1351 550 1427 imperii
595 1347 961 1418 Iustiniani,
1021 1344 1086 1403 id
1125 1354 1215 1402 est
1254 1364 1408 1403 anno
1454 1343 1615 1403 dom.
1658 1345 1808 1421 534,
1873 1358 1940 1406 ut
1976 1349 2127 1407 falso
2169 1350 2496 1408 coniecerat

311 1453 635 1530 Fogginius
662 1451 728 1507 in
754 1448 1123 1527 praefatione
1151 1444 1232 1503 ad
1258 1466 1434 1520 suurn
1464 1448 1786 1525 Cor-ippum
1809 1468 1870 1526 p.
1909 1452 2001 1513 19.
2077 1458 2304 1507 constat
2331 1452 2492 1508 enim

306 1575 387 1613 ex
411 1555 640 1632 pluries
668 1554 847 1609 citato
876 1549 1148 1626 Procopii
1177 1550 1308 1607 loco
1326 1594 1343 1622 ,
1389 1568 1572 1629 quem
1595 1551 1920 1626 Fogginius
1960 1551 2088 1628 ipse
2120 1550 2303 1607 etiam
2330 1546 2491 1609 attu-

304 1656 457 1711 lerat
475 1697 493 1727 ,
532 1662 674 1729 post
713 1659 1047 1708 revocatum
1086 1670 1167 1707 ex
1194 1651 1395 1709 Africa
1422 1652 1792 1709 Artabanum
1820 1653 1965 1711 illuc
1989 1653 2244 1710 missum
2265 1649 2485 1711 Iohan-

302 1775 470 1814 nem.
557 1772 766 1831 porra,
811 1760 875 1808 ut
906 1750 1133 1809 ibidem
1168 1755 1250 1809 ait
1287 1754 1611 1830 Procopius
1629 1796 1645 1826 ‚
1700 1762 1836 1830 post
1877 1750 2123 1811 caedem
2161 1754 2487 1814 Guntarich

302 1857 559 1937 tyranni,
595 1872 779 1934 quam
806 1852 1085 1913 accidisse
1113 1854 1368 1913 affirmat
1389 1853 1554 1913 idem
1579 1851 1890 1913 historicus
1919 1858 2098 1934 paulo
2123 1874 2300 1935 supra
2328 1876 2482 1915 anno

296 1959 531 2036 imperii
556 1956 874 2013 Iustiniani
907 1960 983 2019 19
1002 2000 1018 2030 ‚
1065 1953 1283 2014 Christi
1310 1976 1526 2034 nempe
1557 1954 1703 2019 545.
1789 1958 1969 2014 etiam
1997 1955 2157 2035 apud
2181 1959 2483 2019 Marcelli-

298 2080 444 2119 num
484 2060 784 2117 Comitem
822 2059 889 2116 in
943 2056 1230 2129 Chronico
1268 2060 1411 2118 satis
1450 2060 1605 2116 clare
1640 2055 2023 2136 distinguitur
2046 2056 2340 2131 Iohannes
2364 2081 2479 2119 no·-

298 2172 414 2219 ster
453 2159 528 2218 ab
575 2161 799 2233 altero,
846 2178 985 2217 cum
1022 2156 1171 2216 haec
1209 2161 1313 2218 ille
1356 2159 1761 2220 adnotaverit:
1807 2161 1945 2219 Ind.
1985 2161 2058 2219 X
2093 2164 2173 2219 P.
2222 2163 2287 2221 0.
2340 2163 2478 2222 Ba-

298 2263 418 2321 silii
453 2248 615 2321 anim
642 2266 694 2325 ⁴6
763 2260 871 2342 (id
911 2272 1000 2320 est
1046 2259 1267 2323 Christi
1300 2263 1422 2329 547
1436 2262 1464 2340 )
1532 2262 1830 2321 Iohannes
1878 2264 2162 2341 magister
2214 2263 2478 2323 militum

301 2363 555 2443 (nempe
596 2365 702 2423 ille
747 2383 931 2445 quem
963 2367 1284 2444 Procopius
1315 2364 1457 2424 dicit
1487 2366 1769 2425 vitaliani
1794 2385 1875 2424 ex
1900 2384 2096 2423 sorore
2125 2363 2353 2443 nepos)
2391 2367 2481 2425 ad

299 2467 548 2526 Italiam
569 2477 849 2544 properat
877 2509 891 2524 .
916 2508 932 2524 .
959 2508 972 2524 .
998 2509 1012 2524 .
1042 2467 1391 2530 ‚Aa-:abanec
1425 2510 1441 2524 .
1466 2509 1480 2524 .
1505 2509 1520 2522 .
1545 2509 1557 2522 .
1598 2465 1938 2526 Guntan‘clz
1962 2464 2203 2536 occidit,
2243 2452 2474 2526 lolam-

297 2590 434 2630 nem
474 2570 631 2627 idem
682 2570 945 2628 Stotzam
993 2571 1285 2627 iuniorem
1323 2571 1590 2628 vinctum
1628 2568 1971 2626 transmittit
2003 2566 2094 2624 ad
2106 2567 2466 2644 principem.

281 2681 428 2748 poce
463 2671 806 2749 aliquanuw
831 2673 956 2730 dies
986 2673 1241 2729 mittitur
1274 2672 1340 2728 in
1370 2669 1661 2747 Africam
1688 2668 1988 2726 Iohannes
2031 2668 2059 2747 (
2071 2665 2170 2725 hic
2201 2677 2291 2725 est
2320 2675 2471 2745 poe-

288 2775 469 2831 matis
513 2775 700 2831 nostri
744 2771 921 2833 heros
938 2771 964 2851 )
982 2818 998 2847 ‚
1059 2783 1115 2829 ec
1152 2770 1500 2830 Artabanes
1542 2782 1816 2830 evoe-ame
1837 2768 2216 2848 praesentale
2240 2774 2471 2848 accepit

286 2877 714 2954 magis-tertiam.
806 2876 947 2935 Ind.
978 2875 1093 2934 XI
1118 2877 1194 2933 P.
1236 2875 1300 2933 C.
1349 2873 1576 2936 Basilii
1597 2876 1637 2935 7
1681 2870 1938 2955 <Christi
1962 2868 2126 2950 548)
2170 2871 2468 2932 Iohamm

282 2980 570 3056 magister
627 2978 891 3035 militum
948 2976 1091 3055 (ille
1148 2997 1365 3057 nempe
1420 2977 1702 3035 Vitaliani
1750 2996 1829 3033 ex
1875 2992 2072 3034 sorore
2112 2973 2339 3052 nepos)
2398 2978 2466 3035 in

288 3082 689 3159 Campaniam
706 3079 1012 3158 praedans
1047 3079 1321 3150 Gottlzoe,
1364 3077 1682 3136 nonnullos
1703 3076 1916 3134 liberat
1941 3086 2251 3152 senatoreq.
2322 3087 2460 3134 tan-

279 3182 427 3241 dem
458 3185 596 3242 Iud.
632 3184 817 3241 XIV
844 3185 922 3240 P.
972 3183 1038 3240 C.
1087 3182 1317 3239 Basilia·
1354 3185 1433 3244 10
1477 3177 1736 3259 (Christi
1766 3173 1927 3254 550)
1970 3175 2066 3234 hie
2105 3177 2461 3255 temporibus

274 3288 345 3344 in
388 3285 615 3364 Africa
655 3286 875 3342 Mauri
897 3305 1014 3361 per
1052 3283 1381 3342 Iohannem
1402 3283 1735 3360 patricium
1777 3277 2088 3360 (nostrum
2115 3299 2313 3340 rursus
2341 3277 2456 3338 he-

271 3385 488 3467 rofim)
548 3388 757 3446 domiti
794 3399 953 3460 eunt.
1060 3406 1212 3467 quae
1266 3396 1467 3446 tamen
1522 3381 1624 3442 hic
1673 3391 1872 3459 narrat
1917 3382 2294 3440 Marcellinus
2340 3382 2451 3440 sub

268 3509 438 3558 anno
466 3487 588 3553 547
607 3533 625 3565 ‚
665 3510 791 3549 non
825 3491 1024 3548 omnia
1059 3487 1396 3550 acciderunt
1423 3484 1636 3545 eodem
1661 3501 1847 3542 anno:
1887 3503 2031 3542 nam
2059 3503 2140 3542 ex
2162 3484 2452 3561 Procopio

172 3573 179 3584 ’
264 3588 545 3648 vidimus
572 3610 719 3650 anno
744 3589 869 3655 545
898 3589 1224 3650 Guntarich
1255 3593 1514 3649 occisum
1539 3588 1724 3651 fuisse
1770 3586 1842 3642 ab
1870 3585 2195 3657 Artabane,
2241 3593 2301 3641 et
2328 3603 2450 3644 non

261 3693 446 3771 prius
487 3687 814 3752 Iohannem
857 3696 1108 3760 missum
1152 3694 1335 3751 fuisse
1373 3711 1555 3771 quam
1597 3687 1924 3747 Artabanes
1958 3681 2098 3741 inde
2143 3693 2450 3746 revocatus

261 3802 450 3866 eeset.
536 3812 735 3874 neque
781 3797 952 3854 nobis
994 3806 1221 3856 constat
1265 3792 1475 3853 eodem
1504 3811 1658 3849 anno
1693 3791 1792 3848 vel
1813 3787 2085 3867 sequenti
2107 3795 2446 3846 revocatum

259 3895 640 3966 Astabanem
679 3908 856 3977 atque
885 3900 977 3957 illi
1006 3897 1321 3957 suffectum
1347 3893 1673 3956 Iohannem
1698 3892 1897 3950 statim
1919 3888 2126 3946 fuisse.
2209 3889 2332 3968 imo
2362 3905 2444 3945 ex

257 4016 445 4074 8upra
475 4017 513 4056 a
537 4017 640 4056 me
669 4001 866 4060 allatis
891 4000 1126 4061 videtur
1148 4002 1346 4078 potius
1374 3996 1552 4060 huius
1582 3989 1884 4071 expeditio
1913 3990 1979 4045 in
2007 3991 2271 4054 Africam
2297 4010 2442 4050 con-

253 4102 471 4177 tigisse
509 4104 664 4159 circa
693 4121 917 4159 annum
936 4102 1018 4165 24
1045 4104 1144 4160 vel
1166 4101 1246 4166 25
1274 4102 1508 4179 imperii
1533 4095 1861 4166 Iustiniani,
1903 4088 1970 4148 id
1997 4102 2085 4150 est
2114 4112 2268 4152 anno
2295 4090 2443 4157 550.

436 4202 590 4262 Gum
632 4214 839 4262 autem
880 4225 973 4264 res
1014 4215 1207 4283 gestas
1249 4206 1313 4262 in
1353 4203 1550 4264 Africa
1587 4199 1698 4259 sub
1739 4197 2062 4258 Iustiniana
2086 4213 2209 4253 non
2236 4209 2442 4251 omnes

244 4315 607 4383 persecutus
631 4307 714 4366 sit
740 4307 1096 4386 Procopius,
1142 4308 1246 4388 qui
1283 4306 1408 4364 fere
1437 4323 1536 4364 eas
1562 4312 1797 4362 tautum
1825 4299 2006 4360 refert
2033 4315 2187 4379 quae
2224 4291 2302 4351 ad
2328 4308 2442 4348 ex-
