3210 5200
363 967 486 1029 que
511 947 874 1026 huiusmodi,
917 954 995 1011 sit
1016 955 1198 1014 verbo
1222 960 1419 1035 venia,
1460 965 1815 1045 quisquilias
1840 968 2055 1032 adsunt
2081 982 2191 1038 tria
2212 983 2549 1066 fragmenta

360 1051 531 1108 illius
567 1055 894 1130 poematis,
940 1054 1105 1135 quod
1133 1078 1175 1132 ‘a
1210 1071 1413 1121 nostro
1445 1061 1520 1123 de
1553 1068 1737 1127 Bonis
1765 1084 2008 1133 vocatur
2035 1076 2357 1148 Romulea.
2447 1098 2546 1154 vi-

359 1149 576 1210 dentur
608 1173 679 1211 ea
724 1167 1026 1234 spectasse
1068 1158 1147 1218 ad
1191 1161 1413 1222 librum
1456 1165 1496 1231 5
1545 1171 1585 1232 6
1628 1180 1688 1228 et
1730 1176 1838 1248 12,
1888 1187 1954 1234 ut
1991 1179 2177 1242 innuo
2218 1207 2299 1248 ex
2341 1193 2543 1257 indice

353 1255 623 1335 praefixo
655 1256 875 1334 codici,
935 1257 1014 1318 ad
1047 1281 1229 1343 quem
1257 1267 1689 1329 recensendum
1718 1273 1882 1334 illico
1911 1287 2171 1344 transeo.

524 1361 773 1432 Quartus
817 1358 1062 1420 tandem
1101 1362 1295 1425 codex
1340 1371 1444 1449 qui
1489 1390 1669 1450 opera
1712 1377 1759 1432 1.
1806 1379 1879 1435 L.
1926 1377 2001 1437 de
2033 1386 2216 1448 Bonis
2253 1399 2536 1477 continet,

351 1470 532 1542 atque
574 1482 609 1520 a
645 1483 748 1521 me
786 1465 1053 1543 signatus
1094 1467 1212 1526 fuit
1254 1470 1309 1526 A
1343 1468 1499 1547 274,
1564 1484 1655 1532 est
1707 1477 1855 1535 item
1901 1479 2243 1550 chartaceus
2286 1498 2351 1553 in
2387 1501 2535 1563 folio

343 1564 733 1642 praegrandi.
818 1568 887 1621 in
914 1554 1031 1624 hoc
1056 1572 1381 1646 praemissa
1416 1572 1532 1634 fuit
1583 1575 1820 1637 Tabula
1853 1580 2142 1646 librorum
2163 1601 2537 1664 metricorum

347 1664 652 1724 Iohannis
679 1665 759 1723 L.
794 1666 1075 1728 deBonis
1100 1672 1175 1729 de
1197 1672 1439 1746 Aretio,
1482 1686 1613 1736 tum
1652 1699 1859 1741 eorum
1894 1689 1999 1767 qui
2035 1686 2169 1769 hic,
2215 1708 2343 1759 tum
2377 1707 2532 1765 alio-

348 1785 493 1824 rum
530 1768 630 1846 qui
658 1768 721 1823 in
749 1771 1146 1847 superioribus
1179 1773 1479 1837 codicibus
1513 1777 1794 1863 descripti
1832 1786 2106 1868 fuerunt,
2149 1806 2279 1857 tum
2325 1826 2530 1868 eorum

342 1870 454 1948 qui
488 1888 787 1950 nusquam
831 1875 1242 1953 reperiuntur-3
1289 1876 1506 1939 deinde
1543 1902 1667 1943 mss
1707 1885 1957 1949 redeunt
1995 1896 2256 1976 Eclogae
2307 1909 2383 1973 10
2422 1930 2527 1969 00-

340 1967 493 2029 dicis
531 1990 680 2030 mox
720 1970 1037 2051 descripti,
1093 1987 1152 2036 et
1192 1982 1479 2059 epistolae
1516 1987 1660 2046 illae
1703 2008 1939 2071 quoque
1971 1996 2045 2053 de
2077 2000 2525 2070 tollendo‘schi-

338 2083 551 2143 smate,
593 2075 752 2151 sive,
796 2086 863 2134 ut
900 2076 1092 2137 bonus
1124 2093 1326 2141 noster
1356 2083 1431 2144 de
1455 2089 1641 2147 Bonis
1675 2093 1907 2169 scribit,
1950 2098 2211 2176 εἰεηιαιο,
2265 2109 2426 2189 quod
2459 2116 2526 2173 in

338 2193 487 2255 quos
533 2176 813 2236 inciderit
854 2197 1041 2237 annos
1078 2184 1303 2242 saeculi
1341 2187 1452 2262 14,
1500 2186 1726 2250 dictum
1762 2205 1851 2253 est
1883 2216 2081 2277 supra.
2166 2226 2229 2285 p.
2264 2213 2383 2277 108
2418 2235 2521 2274 oo-

337 2279 515 2335 cu‘rrit
554 2285 769 2357 poema
813 2282 879 2337 in
922 2296 1251 2343 memorata
1308 2287 1544 2350 Tabula
1580 2307 1996 2372 praenotatum
2038 2304 2190 2364 liber
2224 2312 2429 2371 Aretii
2453 2321 2520 2376 in

341 2379 496 2435 rima
536 2384 640 2458 qui
666 2385 937 2459 partitus
968 2395 1055 2441 est
1082 2388 1147 2443 in
1181 2386 1361 2447 libros
1400 2392 1525 2449 C'.⁰⁷
1564 2394 1852 2475 (fortasse
1885 2407 2200 2488 quattuor)
2246 2424 2300 2469 et
2328 2417 2517 2495 infin-

336 2499 487 2536 num
525 2491 578 2536 et
606 2485 982 2559 paradisum.
1077 2499 1304 2547 constat
1344 2502 1545 2551 autem
1585 2495 1653 2553 id
1692 2505 1906 2576 poema
1940 2504 2022 2567 55
2073 2514 2365 2589 capitulis.
2450 2522 2516 2577 in

335 2581 534 2639 fronte
564 2593 651 2641 est
678 2584 836 2645 rudis
860 2585 1215 2664 delineatio,
1263 2611 1416 2670 quae
1445 2611 1848 2672 repraesentat
1871 2623 2194 2686 carcerem,
2241 2635 2321 2674 ex
2348 2622 2515 2680 cuius

333 2694 495 2741 crate
526 2683 716 2742 ferrea
747 2692 955 2748 visitur
983 2694 1211 2750 inclusa
1240 2689 1501 2752 humana
1527 2696 1737 2777 figura.
1825 2705 2009 2766 altera
2042 2708 2384 2777 huiusmodi
2413 2725 2512 2800 pi-

329 2795 492 2842 ctura
521 2798 747 2864 prostat
779 2811 844 2869 p.
874 2793 1027 2868 115,
1069 2796 1173 2851 ubi
1217 2805 1387 2853 extra
1427 2811 1630 2876 portas
1665 2804 1828 2864 urbis
1853 2810 2067 2888 ingens
2090 2817 2261 2875 turba
2288 2823 2510 2881 mulie-

322 2907 460 2945 rum
503 2899 565 2945 et
600 2909 924 2967 puerorum
960 2908 1394 2974 repraesentata
1422 2901 1569 2961 fuit:
1616 2906 1680 2963 in
1709 2929 1780 2967 eo
1817 2915 1976 2971 enlm
2005 2921 2296 2996 capituIO,
2343 2926 2506 3006 quod

322 2999 419 3046 est
444 2995 514 3064 7,
555 3002 827 3050 narratur
873 2997 1165 3055 consusim
1212 3003 1496 3079 expulsos
1529 3005 1715 3066 fuisse
1748 3015 1952 3073 Aretio
1981 3038 2198 3096 pueros
2227 3043 2295 3082 ac
2322 3027 2504 3088 femi-

315 3110 459 3164 nas,
527 3110 660 3148 cum
712 3093 942 3153 ibidem
999 3097 1401 3161 dominaretur
1450 3106 1696 3169 Carolus
1741 3127 1984 3176 vocatus
2026 3139 2062 3177 a
2103 3124 2500 3205 Dyrrhachio-

313 3192 561 3250 titulum
598 3212 743 3272 prae
790 3217 854 3255 se
901 3199 1018 3257 fert
1062 3199 1440 3281 huiusmodi,
1489 3207 1598 3267 sed
1647 3213 1818 3275 initio
1861 3235 2233 3300 corruptum:
2278 3230 2504 3308 Incipit

316 3338 333 3352 .
365 3338 380 3352 .
406 3337 421 3351 .
446 3337 459 3351 .
482 3338 497 3351 .
533 3297 770 3374 Inferni
794 3299 1001 3356 Aretii
1023 3303 1312 3364 Iohannis
1354 3351 1369 3365 .
1415 3308 1461 3366 l.
1506 3311 1578 3367 de
1623 3312 1789 3374 bonis
1826 3321 1900 3378 de
1930 3323 2141 3382 Aretio
2182 3370 2196 3383 .
2242 3350 2497 3409 conque-

306 3406 476 3450 rente
505 3395 580 3452 de
599 3397 837 3455 Kamlo
865 3400 939 3457 de
963 3402 1214 3464 Durazo
1247 3450 1261 3465 .
1297 3419 1352 3465 et
1379 3411 1779 3476 inconstantia
1804 3431 1859 3477 et
1879 3424 2110 3482 vilitate
2134 3427 2291 3488 orbis
2320 3474 2334 3487 .
2355 3436 2495 3509 pri-—

304 3517 454 3552 mus
479 3508 707 3556 cantus.
798 3514 937 3561 sunt
960 3525 1164 3566 versus
1197 3515 1469 3588 ternarii,
1512 3517 1695 3594 vulgo
1730 3531 1888 3580 terza
1915 3528 2090 3584 rima.
2181 3532 2269 3588 sic
2293 3543 2492 3592 autem

298 3598 531 3677 incipit
560 3598 720 3658 idem
745 3606 910 3681 prior
936 3619 1151 3666 cantus
1178 3614 1280 3670 vel
1306 3617 1666 3695 capitulum:
2505 3631 2513 3636 ’

637 3703 958 3781 Asannato
992 3710 1066 3768 de
1086 3715 1205 3789 piu
1236 3717 1590 3778 malt'nconie

564 3823 723 3862 come
752 3808 943 3866 coloro
974 3811 1081 3868 che
1106 3835 1247 3873 sono
1275 3819 1397 3876 alle
1408 3825 1710 3897 prescioni

557 3910 630 3963 αι’
649 3910 821 3986 quali
843 3915 1023 3970 rems-e
1045 3936 1153 3974 son
1181 3927 1336 3977 tacte
1362 3921 1419 3978 le
1441 3925 1553 3982 vie.

290 4003 445 4064 hinc
473 4006 661 4066 facile
703 4023 792 4070 est
833 4016 1123 4076 coniicere
1170 4035 1274 4078 cur
1324 4042 1524 4084 carcer
1554 4030 1748 4108 pictus
1784 4032 2051 4096 fueritin
2072 4036 2269 4104 fronte
2300 4044 2479 4109 huius

284 4112 613 4186 poematis.
700 4115 765 4172 in
800 4120 1071 4197 margine
1107 4120 1185 4180 ad
1223 4129 1549 4187 ternarium
1591 4136 1661 4196 11
1700 4130 1878 4196 huius
1909 4143 2092 4218 primi
2121 4150 2362 4225 capituli
2387 4150 2480 4205 le-

279 4211 496 4287 gitur:
570 4225 711 4273 nota
768 4218 947 4296 quod.
978 4220 1077 4278 hic
1137 4233 1636 4306 comparationem
1664 4242 1982 4316 propriam
2013 4259 2085 4304 ,εἰ
2122 4250 2481 4327 profeticam

276 4322 549 4371 mortem
573 4316 802 4375 Kar-uli
827 4320 900 4381 de
926 4322 1148 4385 εἰμι-ατο
1176 4331 1430 4409 quisuit
1460 4355 1647 4395 causa
1688 4345 1846 4401 tanti
1887 4347 2056 4407 mali.
2149 4369 2230 4407 ex
2269 4347 2482 4408 eadem

371 4422 592 4479 Maon.
636 4432 690 4483 et
732 4425 855 4482 Cor.
2032 4451 2073 4511 8
