3210 5200
668 335 815 408 156
1578 341 1918 411 GOIUPPI

658 500 783 570 430
824 504 1112 584 signaque
1145 504 1264 565 fida
1293 506 1476 585 gerit,
1521 526 1777 566 cuneum
1797 507 1964 581 facit.
2048 509 2259 571 obvius
2283 510 2386 569 ine

825 609 911 664 ire
943 628 1159 686 parans
1186 607 1359 666 dictis
1389 611 1633 668 iuvenes
1660 609 1876 667 affatur
1900 610 2127 669 amicis.

820 702 1115 767 “Romani
1142 712 1387 769 comites
1415 719 1473 767 et
1501 730 1651 789 gens
1679 732 1716 770 o
1744 724 1946 771 nostra
1970 710 2185 788 fidelis,

822 831 983 868 nunc
1007 811 1188 869 fortes
1213 820 1538 870 monstrate
1565 814 1799 872 animos
1826 816 2102 894 viresque
2125 813 2448 895 fidemque.

820 916 1213 991 Languantan
1244 911 1485 972 sufferte
1520 915 1752 988 minan
1794 934 1909 973 nec
1935 925 2154 976 terreat
2177 915 2369 975 hostis

653 1012 777 1083 435
817 1034 924 1072 vos
953 1017 1221 1072 veniens.
1305 1015 1430 1073 iam
1458 1017 1648 1075 victor
1667 1015 1846 1077 'adest
1870 1028 1930 1076 et
1950 1030 2159 1077 ctmcta
2183 1018 2481 1078 Iohannes

817 1119 987 1195 signa
1016 1136 1265 1176 movens
1288 1119 1559 1177 Romana
1585 1120 1790 1179 simul.
1874 1140 1981 1183 vos
2013 1119 2095 1177 ite
2121 1119 2229 1197 per
2248 1116 2474 1178 hostes.

820 1240 961 1277 cum
987 1219 1184 1277 veniet
1200 1262 1218 1292 ‚
1259 1216 1467 1277 laudet
1494 1221 1678 1281 fortes
1703 1222 1997 1304 rebusque
2024 1221 2252 1282 fideles.

815 1334 955 1381 nota
986 1323 1099 1379 viri
1129 1323 1352 1380 virtus:
1396 1324 1584 1382 oculis
1616 1326 1910 1403 placuisse
1940 1327 2213 1403 magistri

819 1425 953 1483 laus
985 1425 1155 1482 vobis
1185 1444 1219 1483 o
1251 1435 1506 1504 quanta,
1549 1420 1740 1485 viri?
1821 1428 1907 1485 sic
1939 1429 2189 1503 Cusina,
2232 1436 2465 1491 mentes

652 1524 779 1594 440
818 1526 1144 1585 incendens
1168 1524 1414 1601 dubias,
1457 1528 1652 1587 socios
1682 1526 1761 1587 ad
1784 1529 1943 1587 bella
1974 1532 2167 1608 coegit

817 1632 1159 1709 irarumque
1193 1630 1376 1687 simul
1400 1650 1509 1707 per
1534 1640 1777 1689 cunctos
1809 1633 2041 1692 semina
2073 1630 2252 1690 fudit.

816 1734 964 1789 moti
997 1733 1181 1788 animi
1207 1751 1315 1809 pro
1346 1730 1524 1790 laude
1550 1734 1712 1790 viris.
1797 1733 2120 1793 fortissima
2149 1735 2375 1814 campis

813 1833 1028 1910 irrupit
1053 1836 1319 1891 Romana
1342 1853 1556 1892 manus
1580 1833 1913 1915 mistusque
1936 1838 2166 1895 Latinis

817 1937 1060 1992 Maurus
1088 1954 1304 2014 eques;
1350 1933 1684 2015 densosque
1708 1938 1870 1994 volat
1896 1934 2025 1997 dux
2046 1941 2175 2016 ipse
2207 1958 2316 2017 per
2339 1934 2558 2014 hostes,

646 2035 771 2102 445
812 2038 1103 2095 militibus
1130 2035 1367 2095 medius
1393 2038 1667 2111 servens3
1708 2038 2011 2120 fortesque
2038 2040 2262 2097 tribuni

812 2160 977 2197 arnna
1008 2142 1223 2197 Latina
1250 2140 1482 2197 ferunt:
1524 2142 1932 2198 Nasamonum
1960 2152 2149 2200 morte
2174 2152 2437 2201 catervas

811 2244 1149 2321 excipiunt,
1192 2237 1515 2320 hastasque
1543 2252 1787 2320 parant,
1832 2254 1892 2301 et
1923 2245 2152 2322 spicula
2179 2243 2453 2305 tendunt.

809 2364 1019 2424 aspera
1050 2354 1192 2401 tunc
1222 2344 1428 2421 primis
1460 2344 1783 2402 miscentur
1808 2347 2035 2423 proelia
2061 2347 2294 2405 turmis.

807 2450 855 2505 it
887 2449 1111 2505 clamor
1136 2446 1303 2504 caelo
1322 2489 1338 2520 ,
1384 2446 1584 2505 iubilis
1614 2447 1796 2505 simul
1820 2446 2061 2506 aethera
2087 2450 2369 2528 complet.

640 2547 764 2616 450
812 2551 1132 2609 obscurans
1160 2568 1297 2608 cum
1323 2548 1449 2607 sole
1482 2546 1645 2607 diem
1671 2549 2010 2616 subtexitur
2035 2555 2139 2611 aiii·

803 2653 1131 2713 missilibus
1162 2648 1394 2724 densis,
1441 2669 1747 2732 nervoque
1772 2653 2013 2712 volatile
2040 2655 2267 2713 ferrum

803 2758 1132 2834 spargitur,
1181 2763 1240 2811 et
1271 2753 1491 2811 crebris
1522 2751 1796 2812 discurrit
1823 2756 2032 2813 lancea
2061 2757 2303 2815 nimbis.

804 2877 1048 2935 corpora
1077 2875 1248 2934 pars,
1289 2873 1429 2933 pars
1456 2874 1595 2911 arva
1627 2858 1817 2933 capit3
1863 2857 2201 2936 feriuntque
2230 2857 2567 2940 caduntque

803 2954 946 3013 hinc
978 2967 1155 3035 atque
1180 2954 1323 3013 hinc
1348 2967 1578 3033 gentes.
1664 2976 1883 3034 magna
1908 2960 2123 3017 virtute
2147 2963 2496 3039 premebant

638 3057 764 3124 455
804 3057 1227 3117 Marmarides:
1274 3058 1382 3117 sed
1409 3079 1546 3137 spes
1573 3061 1866 3119 venientis
1890 3058 2010 3118 fida
2033 3064 2304 3140 magistri

802 3162 930 3219 sola
963 3159 1180 3218 ducem
1208 3163 1568 3241 comitesque
1594 3161 1775 3220 simul
1811 3163 2180 3244 populosque
2207 3167 2452 3229 levavit.

888 3265 1116 3322 Ductor
1145 3273 1210 3320 ut
1240 3265 1482 3341 agnovit
1512 3265 1674 3322 sama
1707 3266 1991 3324 volitante
2018 3265 2313 3328 Iohmmes

802 3367 1023 3425 Cusina
1053 3364 1218 3445 quod
1241 3364 1395 3423 fidus
1423 3385 1770 3446 camporum
1795 3369 1858 3424 in
1886 3378 2051 3446 parte
2079 3380 2386 3448 prematur

797 3471 988 3525 Marte
1018 3471 1217 3546 gravi,
1265 3467 1582 3550 validoque
1609 3487 1912 3527 armorum
1931 3470 2193 3549 pondere
2213 3484 2404 3549 nutet,

628 3567 753 3635 460
795 3570 1015 3628 talibus
1043 3573 1172 3650 ipse
1200 3589 1338 3630 suos
1365 3571 1563 3629 verbis
1592 3570 1861 3629 accendit
1882 3574 1946 3629 iu
1969 3570 2195 3638 hostes.

787 3665 1166 3730 “Romanum
1193 3673 1542 3751 imperium,
1587 3686 1796 3753 gentes
1824 3693 2208 3758 quascunque
2236 3674 2443 3737 fideles

782 3776 1206 3855 subiectasque
1233 3774 1428 3850 videt,
1473 3778 1633 3834 cives
1673 3787 1839 3856 putat
1873 3797 2003 3836 esse
2027 3781 2296 3837 Latinos.

791 3874 907 3934 hac
933 3880 1152 3956 pietate
1183 3879 1425 3957 placens
1453 3888 1646 3936 totum
1676 3879 1792 3938 sibi
1819 3878 2087 3939 subdidit
2112 3880 2339 3953 orbem,

794 3977 939 4037 dum
974 3982 1196 4038 relevat
1221 3983 1439 4040 virtute
1466 3977 1725 4039 humiles
1747 3979 2122 4061 humilatque
2156 3981 2431 4039 rebelles.

623 4078 747 4145 465
794 4084 1013 4140 Cusina
1040 4084 1198 4140 bella
1226 4086 1407 4161 gerit,
1450 4086 1667 4141 nostris
1694 4083 2014 4143 fidissimus
2042 4086 2241 4159 armis,

622 4231 725 4285 433
776 4230 927 4283 fidem
977 4234 1050 4300 Τ,
1103 4230 1356 4285 secunda.
1401 4232 1465 4285 M
1671 4234 1779 4289 437
1829 4232 1946 4286 dum
1987 4234 2133 4304 opud
2179 4233 2241 4287 M
2456 4232 2561 4292 442
2608 4230 2707 4286 uiri
2751 4232 2817 4287 Μ

623 4301 726 4351 446
761 4300 970 4354 Marte?
1170 4300 1273 4356 449
1305 4302 1460 4358 semel
1488 4302 1538 4356 Τ
1733 4302 1840 4357 453
1867 4320 1942 4358 aa
1967 4303 2150 4358 uma?
2183 4305 2260 4358 M.
