3210 5200
627 292 766 364 158
1548 293 1887 361 OORIPPI

784 469 844 518 at
872 479 981 519 vos
1011 459 1341 518 incolumes
1366 478 1487 517 uno
1508 460 1711 519 minus
1737 457 1924 519 ardua
1952 461 2127 520 celsis

786 563 1048 642 excipiet
1075 564 1262 640 portis
1289 581 1525 619 summo
1555 559 1853 640 Carthago
1883 554 2251 641 triumpho.”

781 664 926 721 talia
960 662 1259 721 dicentem
1290 666 1537 723 comites
1566 666 1691 723 iam
1721 667 1970 724 vulnere
1998 666 2226 723 fessum

614 763 739 829 505
782 767 1141 844 suscipiunt,
1194 763 1570 847 hilaremque
1600 770 1817 826 animis
1845 770 1908 824 in
1942 778 2134 825 castra
2164 774 2480 845 reponunt.

781 865 883 925 hic
909 870 1103 925 socius
1122 869 1320 927 Deciis
1344 869 1610 927 infernas
1632 870 1758 927 ibat
1783 866 1862 927 ad
1886 869 2150 943 umbras,

781 969 934 1026 felix
960 980 1150 1027 morte
1174 989 1304 1028 sua.
1389 989 1610 1028 nomen
1638 981 1774 1050 post
1799 972 1958 1028 bella
1985 969 2229 1027 beatum

780 1091 1019 1151 semper
1047 1073 1157 1128 erit
1176 1115 1193 1145 ,
1236 1090 1592 1152 semperque
1621 1083 1827 1130 manet
1854 1071 2244 1130 memorabile
2268 1071 2457 1143 caelo,

786 1172 933 1231 dum
963 1175 1087 1231 fera
1116 1173 1279 1232 bella
1311 1173 1514 1251 legent
1544 1193 1693 1233 aevo
1723 1175 1999 1232 veniente
2027 1174 2309 1229 minores.

615 1272 742 1338 510
867 1280 949 1335 At
976 1278 1245 1333 Romana
1274 1295 1488 1334 manus
1517 1278 1687 1336 iussu
1715 1273 1912 1350 ducis,
1969 1273 2210 1334 horrida
2235 1275 2480 1332 turbans

787 1381 1062 1457 agmina,
1107 1398 1215 1456 per
1237 1388 1480 1436 cunctos
1508 1379 1732 1452 fertur,
1779 1396 2081 1456 cornuque
2111 1377 2333 1434 reflexo

785 1479 1037 1539 stridula
1066 1483 1386 1538 raucisonis
1416 1479 1723 1557 compellit
1746 1480 1974 1555 spicula
1997 1480 2194 1536 nervis
2212 1522 2230 1551 ‚

788 1580 1120 1640 condensos
1146 1581 1335 1639 veluti
1360 1578 1620 1638 fundunt
1649 1599 1829 1637 causa
1856 1579 2063 1636 nubila
2098 1579 2336 1636 nimbos

789 1680 1096 1757 grandinis
1126 1693 1184 1740 et
1212 1684 1364 1740 latos
1397 1681 1757 1759 distringunt
1781 1682 1940 1739 culta
1967 1701 2076 1758 per
2102 1698 2311 1758 agros:

620 1778 746 1846 515
789 1786 1072 1842 sternitur
1091 1785 1210 1843 alta
1236 1804 1407 1863 seges
1425 1828 1442 1858 ‚
1492 1782 1703 1842 viridis
1727 1803 1840 1840 nec
1865 1785 2185 1861 pampinus
2219 1802 2365 1840 uvas

793 1883 1056 1943 vindicat
1084 1889 1211 1966 ipse
1244 1907 1381 1945 suas
1397 1931 1415 1961 ,
1460 1885 1636 1943 arbor
1662 1904 1773 1942 nec
1798 1883 2037 1943 densior
2061 1885 2186 1942 ulla

793 1983 1062 2045 defendit
1086 1998 1323 2046 teneros
1344 1988 1627 2047 foliorum
1646 1990 1912 2066 tegmine
1935 2006 2153 2045 ramos.

788 2083 1029 2146 horrida
1053 2099 1184 2149 tum
1210 2092 1409 2147 nervis
1441 2093 1699 2149 volitans
1728 2092 1998 2169 pulsatur
2029 2085 2290 2161 arundo,

788 2192 1036 2250 vulnera
1059 2203 1216 2250 certa
1242 2193 1473 2251 ferens:
1523 2195 1761 2251 nullum
1783 2195 1911 2251 sine
1936 2194 2227 2269 sauguine
2252 2192 2445 2249 telum

617 2288 743 2359 520
786 2297 1034 2369 corruit,
1082 2305 1184 2354 aut
1207 2315 1417 2374 campo
1441 2296 1715 2355 volucres
1745 2294 2009 2354 cecidere
2042 2296 2314 2371 sagittae.

785 2415 946 2454 nunc
972 2398 1139 2456 fortis
1171 2398 1445 2475 sonipes,
1494 2395 1716 2457 densus
1743 2418 1904 2456 nunc
1932 2399 2214 2454 sternitur
2241 2393 2453 2455 hostis.

789 2519 966 2558 omne
995 2500 1167 2557 rubet
1190 2498 1463 2579 tepidum
1491 2502 1756 2580 Massylo
1784 2502 2077 2577 sauguine
2106 2500 2356 2557 ferrum.

787 2600 1051 2661 succedit
1076 2604 1263 2681 pilata
1293 2623 1508 2663 manus
1525 2648 1543 2679 ,
1589 2614 1951 2683 cunctosque
1976 2623 2086 2682 per
2114 2622 2287 2680 agros

788 2725 1032 2784 corpora
1058 2707 1221 2763 felici
1248 2707 1589 2764 sternebant
1619 2705 1801 2765 caede
1829 2706 2071 2763 tribuni.

614 2802 741 2871 525
781 2808 991 2865 militis
1021 2828 1184 2865 arma
1215 2810 1441 2866 calent:
1486 2808 1725 2864 nullum
1753 2818 1842 2864 est
1874 2809 2002 2864 siue
2028 2807 2321 2883 sanguine
2351 2807 2559 2864 Mauro

788 2911 1041 2968 Romani
1066 2909 1291 2964 ferrum
1317 2907 1547 2986 populi.
1638 2905 1809 2965 dolor
1836 2910 2059 2965 excitat
2088 2910 2229 2966 iras.

794 3013 929 3089 quis
954 3020 1041 3068 tot
1070 3009 1282 3066 acerba
1311 3006 1532 3066 ducum
1559 3007 1848 3067 dederant
1874 3028 2029 3089 quae
2057 3010 2268 3067 funera
2298 3014 2558 3090 campis,

792 3116 926 3193 quis
957 3116 1151 3170 varias
1180 3121 1399 3171 mortes
1429 3124 1532 3169 aut
1558 3110 1732 3170 dictis
1759 3114 2020 3191 explicet
2047 3109 2249 3170 hostes

793 3224 1117 3294 prostratos
1148 3224 1470 3294 captosque
1499 3215 1732 3288 ferens,
1778 3234 2046 3295 quosque
2080 3216 2209 3292 ipse
2235 3215 2520 3292 magister

622 3313 748 3380 530
790 3315 1004 3374 deiecit
1033 3319 1250 3375 virtute
1284 3314 1491 3375 viros?
1546 3320 1676 3376 siue
1708 3320 1951 3375 nomine
1981 3317 2189 3396 plebes

789 3418 1186 3478 Marmaridae
1213 3422 1444 3498 periere
1471 3421 1692 3478 simul:
1737 3419 1845 3478 sed
1870 3421 2131 3478 carmine
2158 3437 2380 3498 paucos

792 3543 826 3579 e
854 3523 1061 3581 multis
1087 3522 1339 3602 signabo
1361 3543 1499 3582 meo
1516 3567 1533 3599 ,
1580 3543 1730 3603 quos
1759 3524 1916 3581 fama
1945 3525 2171 3600 priores

788 3627 986 3685 attulit
1014 3624 1093 3684 ad
1117 3637 1318 3684 cautas
1343 3627 1601 3684 volitans
1623 3645 1704 3683 ex
1730 3622 2001 3683 hostibus
2034 3642 2227 3682 aures.

648 3807 659 3816 Ι
867 3731 1252 3808 Armipotens
1269 3773 1286 3804 ,
1329 3727 1534 3789 hostes
1565 3747 1815 3786 cernens
1846 3727 2111 3799 obstare,
2156 3720 2450 3783 Iohannes

615 3829 738 3896 635
783 3831 950 3889 irruit
979 3834 1043 3889 in
1070 3831 1286 3892 densas
1318 3834 1507 3903 acies,
1552 3840 1899 3909 turmasque
1932 3828 2186 3886 rebelles

782 3935 1015 3993 letifero
1047 3954 1330 3993 mucrone
1360 3943 1540 4006 secat,
1585 3952 1696 3990 ceu
1724 3950 1950 3990 messor
1973 3938 2144 3986 acuta

772 4003 941 4096 ¹'falce
971 4039 1143 4095 metit
1175 4047 1442 4114 segetes,
1486 4044 1720 4093 maturo
1745 4045 2014 4110 tempore
2046 4028 2293 4101 sollers3

619 4187 724 4241 508
758 4203 966 4240 manens
989 4187 1051 4240 M
1252 4185 1380 4239 ibid.
1416 4184 1575 4238 celum
1602 4184 1655 4240 '1'
1853 4180 1957 4237 513
1988 4177 2175 4234 nebula
2199 4177 2251 4233 '1'
2446 4175 2550 4232 525
2584 4173 2743 4230 mauri
2772 4175 2827 4227 Τ

623 4256 725 4310 529
759 4259 898 4311 seros
920 4259 982 4311 M
1182 4255 1287 4310 532
1320 4263 1374 4309 et
1402 4255 1461 4308 Τ.
