3210 5200
595 348 743 424 214
1342 353 2019 420 MAZZUCCHELLII

593 527 735 577 nota
772 513 937 599 quod
971 536 1007 577 a
1042 519 1333 597 Procopio
1380 518 1634 597 aliisque
1674 517 1915 575 Graecis
1952 516 2334 596 scriptoribus
2362 535 2586 577 nomen
2611 517 2773 575 illius

594 604 760 662 urbis
787 614 875 661 est
906 605 1231 666 Θεοδοσίου
1256 596 1452 676 πόλις.
1537 600 1676 661 vide
1706 613 1766 661 et
1794 599 1956 680 apud
1977 605 2062 659 Le
2086 605 2274 673 Quien
2291 647 2307 676 ‚
2350 613 2418 659 ut
2446 596 2775 663 et’Iovotl-

593 710 708 749 νου
747 681 946 761 πόλις,
993 691 1456 750 Κωνσταντίνου
1493 682 1701 761 πόλις,
1749 688 2053 747 Φιλίππου
2095 683 2300 761 πόλις,
2343 697 2404 744 et
2442 688 2558 743 alia
2599 687 2773 764 plura

594 769 943 829 huiusmodi
982 773 1220 831 urbium
1258 776 1522 831 nomina.
1609 770 1911 851 duplicem
1941 773 1998 830 T
2000 769 2452 850 heodosiopoliu
2485 782 2774 829 memorat

594 858 952 934 Procopius:
995 878 1180 916 unam
1201 878 1419 936 nempe
1451 855 1595 914 dicit
1621 858 1694 913 de
1718 856 1934 935 Aedff·
1967 860 2010 918 2
2042 860 2083 918 2
2116 876 2252 935 opp.
2280 868 2325 914 t.
2353 860 2395 919 2
2416 876 2478 934 p.
2507 860 2615 929 32,
2660 876 2773 934 pa-

593 961 730 998 rum
769 940 1087 999 distantem
1129 943 1205 999 ab
1244 939 1391 1000 'urbe
1426 944 1586 998 Dara
1626 943 1688 999 in
1727 944 2189 1019 Mesopotamia,
2235 953 2293 999 et
2325 960 2375 999 c.
2407 944 2446 1002 5
2482 961 2544 1018 p.
2573 944 2654 1004 87
2694 939 2773 998 ad

593 1025 817 1083 flumen
855 1024 1190 1085 Aborrham
1228 1031 1440 1100 sitam3
1488 1028 1738 1084 alteram
1783 1047 1922 1084 vero
1963 1027 2027 1082 in
2070 1028 2351 1084 Armenia
2382 1026 2567 1084 fuisse
2596 1044 2772 1083 mon-

592 1120 740 1169 strat
765 1110 850 1168 ib.
879 1115 917 1173 3
953 1131 1005 1169 c.
1041 1114 1075 1174 1
1109 1132 1170 1191 p.
1200 1114 1285 1177 52
1312 1124 1370 1171 et
1398 1133 1448 1170 c.
1476 1113 1516 1176 5
1543 1131 1605 1190 p.
1634 1113 1715 1175 58
1737 1123 1796 1169 et
1819 1129 1980 1190 seq.;
2024 1121 2337 1190 utramque
2366 1121 2567 1168 autem
2591 1113 2774 1168 Iusti-

590 1196 839 1252 nianum
880 1198 1207 1256 munivisse
1248 1200 1438 1256 muris
1476 1205 1677 1254 contra
1714 1198 2081 1253 incursiones
2118 1199 2455 1253 Persarum.
2539 1198 2662 1252 imo
2699 1195 2773 1253 ds

591 1277 744 1336 hello
774 1281 945 1337 Pers.
982 1282 1017 1343 1
1057 1286 1132 1346 10
1175 1284 1257 1340 ait
1294 1284 1515 1339 Daram
1541 1284 1604 1338 in
1630 1282 2060 1358 Mesopotamia
2092 1291 2149 1337 et
2173 1278 2681 1358 Theodosiopoliu
2707 1283 2772 1338 in

586 1366 879 1422 Armenia
914 1363 993 1422 ad
1015 1367 1462 1425 Persarmeniae
1503 1366 1651 1424 fines
1693 1367 1875 1423 fuisse
1906 1364 2023 1422 duo
2049 1364 2490 1443 propugnacula
2517 1363 2596 1422 ad
2621 1368 2775 1423 Per-

591 1467 691 1506 sas
730 1448 1099 1508 infestandos
1130 1450 1633 1510 commodisSIma.
1721 1470 1898 1528 saepe
1927 1460 2217 1507 memorat
2242 1451 2565 1528 Procopius
2593 1470 2773 1528 prae-

593 1535 768 1611 cipue
794 1531 952 1592 hanc
978 1536 1189 1593 urbem
1211 1540 1277 1595 in
1301 1537 1468 1594 libris
1497 1536 1570 1593 de
1597 1534 1750 1592 bello
1779 1537 2046 1604 Persico,
2089 1531 2194 1592 sed
2222 1532 2594 1592 obsidionem
2619 1537 2770 1610 eius,

590 1635 775 1696 quam
811 1619 985 1676 nobis
1027 1640 1187 1677 nunc
1231 1623 1419 1700 aperit
1460 1620 1782 1698 corippus,
1838 1622 2255 1699 praetermisit.
2337 1618 2588 1678 fortasse
2636 1639 2771 1678 eam

589 1704 764 1759 tacite
792 1703 987 1759 innuit
1021 1705 1054 1764 1
1091 1723 1142 1760 c.
1176 1706 1276 1767 15.
2683 1706 2688 1709 ’

756 1786 861 1849 75.
950 1784 1025 1843 de
1060 1785 1174 1845 hoc
1201 1791 1519 1846 Persarum
1543 1781 1694 1843 duce
1720 1784 1858 1843 vide
1888 1787 2244 1864 Procopium
2270 1789 2497 1867 passim
2518 1799 2770 1869 utroque

584 1868 653 1927 iu
678 1869 834 1927 libro
859 1870 933 1928 ‹Ie
962 1868 1113 1929 bello
1141 1872 1310 1930 Pers.
1342 1884 1402 1929 et
1427 1872 1500 1930 de
1534 1870 1688 1928 hello
1722 1870 1903 1928 Goth.
1937 1870 1977 1934 4
1996 1916 2012 1945 ,
2057 1870 2160 1927 ubi
2205 1873 2430 1930 Graece
2472 1885 2563 1932 est
2594 1879 2771 1955 Μερ-

586 1947 826 2033 μερὸης.
912 1975 1051 2013 eum
1091 1955 1393 2015 obsedisse
1434 1957 1865 2035 Martyropolin
1900 1964 1960 2012 et
1989 1953 2427 2034 Archaeopolin
2444 2002 2462 2032 ,
2508 1970 2567 2016 et
2598 1980 2771 2017 acce-

586 2047 692 2115 pta
720 2036 890 2096 clade
909 2050 1225 2120 utramque
1253 2039 1629 2099 obsidionem
1654 2043 1933 2115 solvisse,
1970 2050 2169 2098 narrat
2184 2043 2508 2120 Procopius
2528 2042 2769 2102 debello

585 2124 759 2182 Pers.
797 2125 830 2184 1
872 2128 949 2188 21
998 2136 1056 2184 et
1098 2127 1171 2183 de
1197 2124 1349 2184 bello
1384 2126 1563 2184 Goth.
1599 2124 1641 2189 4
1684 2123 1801 2199 14,
1850 2145 2168 2205 rursusque
2206 2126 2425 2185 frustra
2467 2128 2771 2188 obsedisse

585 2205 1027 2286 Archaeopolin
1066 2211 1286 2289 legitur
1312 2213 1397 2270 ib.
1427 2231 1480 2269 c.
1512 2211 1592 2273 17
1624 2230 1685 2287 Ρ.
1718 2209 1863 2272 614.
1949 2208 2059 2268 sed
2076 2209 2171 2267 ·de
2209 2211 2520 2270 obsidione
2559 2211 2769 2273 Theo-

587 2289 913 2370 dosiopolis
942 2293 1099 2352 nihil
1126 2297 1416 2375 reperitur
1443 2291 1604 2373 apud
1632 2296 1987 2373 Procopium
2006 2339 2022 2370 ‚
2066 2306 2131 2353 ut
2153 2297 2275 2352 iam
2297 2300 2526 2356 monui.

754 2381 861 2442 76.
947 2377 1227 2459 cingebat
1254 2382 1486 2439 moenia
1517 2399 1708 2437 muro.
1797 2383 1961 2456 Virg.
1988 2380 2150 2438 Aen.
2181 2385 2222 2444 6
2255 2379 2378 2446 499
2409 2392 2467 2440 et
2492 2383 2534 2444 4
2563 2385 2668 2446 88.

751 2466 861 2527 77.
942 2465 1254 2544 imperitus
1289 2466 1569 2524 librarius
1609 2484 1690 2521 ex
1731 2465 1779 2522 d
1808 2465 1950 2522 fecit
1989 2463 2073 2534 cl,
2128 2463 2292 2545 quod
2329 2465 2537 2524 mendi
2575 2487 2768 2546 genus

582 2564 765 2627 saepe
812 2553 1095 2625 occurrit,
1141 2561 1210 2609 ut
1244 2561 1450 2611 mouet
1491 2550 1876 2609 Casaubonus
1918 2553 1982 2608 iu
2022 2550 2415 2610 Conmentar-
2452 2553 2541 2611 ad
2577 2555 2770 2612 wma-

574 2631 821 2708 plzmsti
853 2634 1131 2694 Chae-act.
1164 2633 1206 2698 4
1246 2657 1310 2716 Ρ.
1342 2638 1423 2699 71
1458 2633 1554 2692 ed.
1589 2633 1784 2713 Lugd.
1819 2638 1980 2701 1603
2025 2638 2121 2693 vel
2163 2657 2225 2714 p.
2250 2639 2333 2700 59
2371 2634 2468 2695 ed.
2508 2639 2768 2719 Coburg.

585 2718 773 2781 1763.
856 2719 1069 2779 Daras
1112 2729 1201 2778 est
1230 2721 1373 2778 urbs
1410 2721 1807 2787 munitissima
1835 2740 2018 2798 prope
2045 2723 2298 2779 Nisibin.
2383 2720 2521 2780 vide
2545 2726 2768 2783 Proco-

582 2801 754 2875 pitun
786 2802 861 2858 de
887 2803 1236 2862 bello-Pers.
1266 2816 1520 2882 utroque
1550 2806 1616 2859 in
1649 2804 1800 2862 libro
1829 2807 2053 2882 passim
2086 2815 2146 2861 et
2173 2807 2339 2865 alibi.
2405 2806 2585 2886 apud
2612 2830 2767 2867 euu-

580 2880 722 2940 dem
755 2885 979 2945 Graece
1014 2907 1250 2965 semper
1280 2898 1372 2947 est
1400 2888 1612 2944 Daras
1648 2907 1866 2946 nomen
1900 2886 2324 2948 indeclinabile
2341 2933 2359 2965 ,
2404 2896 2518 2951 etsi
2538 2896 2602 2951 in
2627 2914 2765 2953 ver-

580 2968 750 3025 sione
792 2989 898 3029 sua
936 2972 1247 3030 Maltretus
1292 2972 1498 3029 fecerit
1532 2971 1740 3042 Dara,
1783 2973 2014 3029 Darae.
2103 2974 2188 3030 ib.
2226 2976 2259 3035 1
2301 2977 2379 3038 13
2405 2987 2466 3034 et
2494 2997 2622 3058 seq.
2652 2978 2770 3037 de-

580 3053 858 3110 scribitur
899 3056 1193 3134 praelium
1229 3054 1620 3113 memorabile
1650 3056 1764 3113 sub
1795 3058 2111 3115 moenibus
2143 3059 2337 3116 Darae
2368 3081 2509 3120 cum
2534 3066 2769 3141 ingenti,

579 3137 899 3195 Persarum
929 3137 1118 3198 clade.
1186 3142 1473 3198 Romanis
1505 3151 1775 3217 praeerat
1798 3142 2160 3219 Belisarius‚
2196 3145 2395 3204 Persis
2420 3159 2622 3207 autem
2641 3170 2762 3209 nou
2795 3168 2804 3175 ·

575 3220 940 3283 Mei-meroes
965 3222 1073 3282 sed
1097 3227 1318 3284 Peroze
1342 3222 1695 3285 Min-hanes.

746 3310 850 3371 84.
936 3306 1110 3368 ovid.
1137 3311 1293 3367 Met.
1320 3310 1360 3372 6
1396 3312 1477 3373 89
1504 3319 1565 3366 et
1593 3312 1675 3374 12
1709 3308 1866 3374 595:
1915 3331 2259 3372 concurrere
2286 3316 2552 3374 comitans
2576 3316 2755 3377 hosti.

745 3395 851 3456 89.
936 3394 1189 3470 Sanavi,
1234 3404 1300 3453 ut
1334 3397 1532 3472 potui,
1574 3392 1737 3452 hunc
1770 3416 2040 3473 versum,
2085 3410 2144 3457 et
2175 3418 2445 3459 sensum:
2496 3401 2606 3460 sed
2631 3405 2764 3460 for-

576 3481 734 3533 tasse
766 3476 991 3537 excidit
1024 3477 1124 3536 hic
1148 3498 1288 3559 pars
1318 3478 1573 3537 duorum
1601 3500 1882 3539 versuum
1900 3526 1917 3557 ,
1964 3494 2021 3540 et
2049 3486 2354 3564 utriusque
2383 3504 2590 3545 versus
2619 3508 2758 3566 pars

576 3558 809 3620 tautum
848 3575 939 3621 est
979 3575 1232 3625 servata.
1315 3584 1424 3643 pro
1446 3564 1706 3644 perfusa
1738 3568 1856 3625 feci
1898 3567 2093 3649 effusa
2127 3581 2364 3629 secutus
2393 3571 2559 3649 Virg.
2586 3572 2750 3631 Aen.

577 3646 619 3704 6
657 3645 780 3709 805
807 3658 867 3706 et
893 3652 934 3713 7
972 3651 1267 3712 812—3.

747 3735 853 3795 91.
936 3734 1100 3812 Virg.
1141 3733 1305 3792 Aen.
1348 3736 1387 3795 9
1426 3730 1585 3797 463:
1626 3746 1979 3814 aeratasque
2019 3738 2178 3796 acies
2225 3739 2296 3797 in
2327 3739 2561 3817 proelia
2597 3742 2761 3821 cogit

574 3815 826 3895 quisque
850 3836 1013 3874 suas.
1045 3883 1051 3890 ¹
1103 3820 1207 3876 ubi
1240 3819 1343 3875 alii
1367 3828 1570 3876 tamen
1595 3820 1807 3898 legunt
1832 3842 1990 3879 suos.

741 3903 847 3965 92.
930 3901 1194 3961 indecas.
1284 3902 1370 3959 sic
1408 3904 1475 3958 iu
1515 3903 1759 3978 codice3
1802 3905 1941 3979 ubi,
1985 3907 2103 3965 nisi
2140 3907 2427 3967 malueris
2464 3911 2757 3989 corrigere

573 3984 836 4055 indt‘eus,
879 3987 991 4044 erit
1023 3987 1268 4045 inda-us
1293 4005 1417 4045 vox
1443 3985 1718 4047 addenda
1749 3991 1962 4049 lexicis
1989 3993 2220 4049 Latinis
2237 4035 2254 4065 ‚
2301 4003 2361 4051 et
2386 3993 2601 4053 eadem
2629 3998 2758 4053 for-

576 4080 734 4130 tasse
776 4089 846 4128 ac
881 4071 1146 4143 indecor,
1187 4090 1404 4150 nempe
1450 4073 1772 4153 inglorius,
1815 4086 1881 4135 ut
1919 4074 2080 4154 apud
2120 4077 2274 4136 Stat.
2319 4076 2536 4137 Theb..
2556 4083 2598 4143 9
2637 4084 2757 4146 108

562 4158 887 4236 patm'tqne
912 4156 1204 4235 inglorius
1227 4157 1399 4214 ensis.
2751 4208 2756 4215 ,

742 4240 826 4299 ib.
914 4241 1171 4298 harenis.
1261 4261 1439 4319 saepe
1493 4238 1953 4321 adspirationem
2009 4243 2271 4304 admit-tit
2325 4243 2479 4304 haec
2523 4267 2648 4307 vox
2688 4250 2751 4307 in

575 4336 787 4386 nostro.
812 4324 1045 4400 codice,
1091 4335 1150 4384 et
1194 4345 1306 4404 ego
1345 4345 1480 4384 eam
1514 4330 1731 4389 retinui
1771 4329 2106 4412 ubicunque
2149 4341 2376 4407 exstat,
2423 4335 2536 4391 etsi
2567 4335 2751 4391 sciam
