3210 5200
975 419 1292 488 rusum
1339 414 1697 494 Mmoms
1747 427 1904 495 Lm.
1951 428 2005 496 ι.

649 585 825 644 Talia
855 583 1104 647 dicentis
1129 587 1381 668 pedibus
1406 601 1697 669 prostrata
1723 594 2039 676 iacensque

565 689 759 745 omnis
791 690 962 747 turba
985 692 1165 748 simul
1187 683 1364 769 “pius
1391 712 1483 766 es,
1529 689 1852 753 miserere”
1889 709 2125 775 perorat

401 789 521 854 176
551 781 998 868 “supplicibus,
1042 794 1133 850 vir
1166 803 1402 866 sancte,
1443 795 1592 852 tuis:
1644 816 1918 856 succurre
1946 802 2206 878 periclis.

565 896 764 949 omnia
791 913 937 950 mox
965 896 1240 952 veniente
1265 892 1362 953 die
1391 897 1638 974 periisse
1669 897 1920 974 videbis,

565 996 617 1052 si
650 1014 900 1053 vacuam
928 998 1143 1074 vulgus
1168 999 1295 1054 sine
1319 999 1586 1076 principe
1613 1002 1864 1058 senserit
1891 1002 2115 1061 aulam.

564 1106 1083 1179 quantumcunque
1112 1099 1252 1157 boni
1280 1111 1518 1158 moveat
1554 1099 1793 1161 dilectio
1824 1108 2030 1183 patris,

565 1219 681 1257 non
709 1201 787 1256 sit
808 1219 976 1257 amor
1000 1202 1223 1278 patriae
1251 1203 1441 1279 patrio
1474 1204 1690 1261 minor.
1775 1204 1905 1284 ipse
1931 1217 2136 1264 tenere

396 1303 519 1365 180
558 1312 788 1379 sceptra
816 1312 950 1360 tuus
976 1305 1237 1361 moriens
1263 1314 1323 1361 te
1352 1306 1522 1361 iussit
1550 1308 1878 1365 avunculus
1907 1328 2028 1367 ore.

557 1406 752 1482 aspice
784 1414 1005 1483 quanta
1030 1405 1144 1462 fuit
1170 1415 1406 1464 nostrae
1430 1407 1611 1463 simul
1639 1408 1801 1466 urbis
1833 1420 1892 1467 et
1913 1412 2073 1469 orbis

553 1503 802 1586 provida
836 1525 974 1563 cura
1003 1509 1155 1564 seni.
1242 1526 1349 1584 pro
1377 1517 1437 1564 te
1465 1504 1614 1566 deus
1638 1511 1837 1569 omnia
1863 1512 2007 1570 fecit

554 1628 709 1689 quae
730 1608 857 1666 fieri
880 1609 1090 1665 voluit.
1176 1608 1396 1666 solium
1420 1608 1748 1669 conscende
1775 1624 2106 1691 patermun,

556 1721 614 1770 et
643 1731 782 1790 rege
813 1710 1179 1784 subiectum,
1223 1710 1498 1788 princeps
1526 1711 1876 1790 fortissime,
1918 1717 2233 1777 mundum.

391 1817 510 1883 185
550 1835 727 1874 aurea
752 1823 1030 1872 nascetur
1051 1813 1218 1871 vobis
1246 1814 1630 1890 reg-nantibus
1665 1825 1847 1890 aetas,

555 1939 666 1976 nec
690 1925 929 1973 mutans
954 1892 1517 1974 dominos‘Romana
1550 1915 1851 1977 videbitur
1877 1912 2082 1979 aula.''

630 2019 887 2080 Vocibus
917 2014 1011 2075 his
1040 2018 1232 2076 flexus
1259 2020 1434 2077 cessit
1456 2017 1738 2077 tandem:
1781 2023 1901 2079 itur
1925 2024 1987 2079 iu
2014 2043 2213 2081 arcem

548 2122 832 2202 obsequio
857 2120 1174 2177 comitante
1199 2131 1456 2198 patrum.
1543 2124 1878 2200 gratissima
1907 2127 2126 2185 coniux

544 2225 953 2303 subsequitur,
997 2242 1117 2279 non
1137 2232 1279 2280 tunc
1298 2224 1473 2282 solito
1504 2225 1718 2303 stipata
1748 2228 2031 2286 tumultu.

384 2332 504 2395 190
544 2324 826 2385 incedunt
850 2321 1050 2383 inedia
1079 2344 1348 2383 securam
1371 2336 1545 2383 nocte
1572 2346 1681 2404 per
1707 2326 1916 2383 urbem

546 2431 739 2488 fronte
768 2446 981 2506 parum
1004 2427 1146 2484 laeti
1163 2470 1179 2500 ‚
1223 2430 1499 2507 quamvis
1525 2424 1826 2505 gaudente
1852 2439 2061 2487 senatu

547 2531 864 2611 imperium
893 2538 1192 2609 peterent,
1237 2548 1581 2611 quanquam
1614 2533 1814 2587 omnia
1842 2541 1970 2589 tuta
1995 2531 2283 2591 viderent.

546 2634 762 2693 divinis
795 2633 1008 2690 animis
1040 2633 1232 2691 inerat
1262 2631 1433 2690 dolor
1463 2634 1569 2691 ille
1595 2635 1899 2712 parentis;

542 2748 679 2796 ante
705 2738 835 2815 pios
860 2736 1059 2793 oculos
1084 2711 1248 2793 mitis
1274 2744 1542 2793 versatur
1566 2736 1790 2815 imago.

380 2842 498 2906 195
539 2841 644 2899 illa
668 2847 869 2896 movet
891 2849 1187 2913 mentem,
1233 2838 1589 2917 penitusque
1619 2839 1680 2895 in
1709 2848 1948 2917 pectore
1978 2850 2228 2921 utroque

540 2940 796 3001 indivisa
817 2957 1067 2999 manens
1095 2943 1192 3021 pia
1222 2942 1470 2998 numina
1498 2941 1746 2999 numine
1780 2944 2055 3022 complet.

617 3047 831 3103 Limen
858 3053 924 3100 ut
951 3033 1254 3121 Augustae
1287 3062 1453 3101 sacro
1479 3041 1633 3122 pede
1666 3047 1913 3123 contigit
1944 3049 2135 3123 aulae,

536 3148 734 3206 omnia
762 3146 1060 3224 gallorum
1090 3155 1465 3224 strepuerunt
1495 3146 1757 3204 culmina
1791 3158 1990 3207 cantu.

535 3260 811 3308 exactam
834 3258 1073 3306 noctem
1091 3250 1270 3327 primi
1292 3268 1530 3307 sensere
1553 3250 1848 3324 volucres,

365 3356 490 3417 200
531 3364 587 3411 et
616 3354 843 3410 laetum
864 3351 1134 3407 cecinere
1162 3349 1352 3425 diem,
1397 3352 1747 3432 alarumque
1772 3352 1990 3412 dedere

534 3453 839 3532 plausibus
868 3449 1124 3510 assiduis
1149 3461 1208 3510 et
1236 3464 1406 3513 acuta
1431 3474 1577 3513 voce
1601 3457 1894 3514 favorem.

612 3555 919 3612 Excubiae
948 3555 1235 3633 primum,
1275 3574 1428 3635 quae
1451 3576 1686 3616 summa
1711 3558 1933 3637 palatia
1963 3569 2219 3633 servant,

529 3657 847 3735 imperium
872 3657 1024 3715 felix
1052 3656 1307 3717 dominis
1340 3659 1695 3718 intrantibus
1723 3670 1951 3739 optant,

529 3769 587 3815 et
615 3770 857 3819 cunctos
883 3759 1078 3820 aditus
1108 3772 1336 3821 armato
1366 3764 1558 3821 milite
1582 3761 1830 3837 vallant,

358 3858 491 3924 205.
524 3880 599 3918 ne
627 3864 761 3940 quis
787 3864 849 3920 in
874 3865 1212 3942 Augustam
1240 3867 1568 3923 contrarius
1598 3862 1817 3923 audeat
1846 3864 2049 3923 aulam

525 3962 824 4022 infensum
851 3967 1121 4024 conferre
1149 3966 1388 4046 pedem.
1457 3967 1694 4026 devotio
1722 3977 1887 4026 tanta

521 4074 701 4145 atque
728 4065 1043 4126 homiuum
1076 4070 1307 4127 cautela
1331 4070 1447 4127 fuit
1476 4071 1804 4150 sollersque
1837 4071 2129 4129 bonorum

523 4163 860 4227 sollicitudo
884 4181 1158 4248 patrum:
1197 4190 1342 4228 nam
1369 4172 1505 4250 quis
1534 4182 1789 4231 tentaret
1814 4174 2041 4250 obesse,

524 4287 660 4326 cum
689 4269 837 4330 deus
862 4273 1184 4352 imperium
1207 4282 1410 4332 sancto
1435 4274 1559 4330 iam
1594 4271 1831 4333 'dixerat
1861 4296 1963 4333 ore

354 4368 478 4430 210
520 4371 744 4430 Iustino
774 4371 1154 4455 Sophiaeque
1182 4373 1308 4433 dari
1326 4418 1343 4450 ,
1387 4394 1680 4456 muroque
1706 4380 1934 4457 potenti

2434 426 2578 502 171²
