3210 5200
1002 409 1115 474 DE
1165 410 1586 480 LAUDIBUS-
1627 411 1962 482 IUSTINI.
2424 418 2573 490 357

392 586 599 655 gnato.
690 575 773 633 ita
816 593 853 632 a
889 583 1017 633 tota
1053 575 1315 634 trinitate
1350 577 1649 635 firmatum
1689 591 1778 640 est
1808 579 2033 640 Iustino
2066 581 2403 660 imperium.
2491 586 2573 644 ita

397 662 726 720 clarescunt
753 679 909 742 quae
937 679 1117 718 nemo
1146 658 1431 721 hactenus
1454 666 1741 742 percepit.
1798 667 2045 725 Burru-
2147 665 2310 726 hunc
2335 688 2576 730 versum

396 746 649 805 mirifice
667 746 925 803 restituit
948 743 1247 805 Bai-thius.
1314 749 1508 807 Foco.

560 829 667 894 45.
745 831 838 888 -sic
865 832 1216 890 Ammianus
1241 834 1623 891 Marcellinus
1650 832 1757 890 lib.
1788 836 1864 896 3:
1929 854 2074 892 nam
2102 845 2158 892 et
2180 836 2427 895 oracula
2456 838 2572 895 du-

377 915 498 974 ,bia
525 915 807 994 legimus,
849 935 1006 994 quae
1030 916 1296 974 non-nisi
1318 938 1494 975 casus
1521 918 1846 975 discrevere
1856 922 2163 995 postremi.
2211 920 2393 1002 idque
2425 941 2575 981 mox

395 1001 585 1058 tribus
619 998 879 1058 declarat
907 1002 1220 1080 exemplis.
1262 1004 1346 1061 sic
1368 1015 1571 1061 noster
1595 1004 1887 1081 corippus
1916 1005 2072 1062 infra
2096 1003 2139 1066 4
2168 1004 2289 1067 274
2316 1017 2374 1065 et
2401 1026 2572 1087 seqq.

396 1087 483 1145 sic
525 1082 949 1164 prophetarum
1000 1106 1238 1166 quoque
1287 1091 1563 1147 vaticinia
1615 1107 1652 1146 a
1701 1089 2013 1167 posteriori
2067 1090 2264 1168 potius
2312 1109 2494 1173 quam
2538 1113 2574 1149 a

396 1172 581 1249 priori
602 1170 1035 1248 intelliguntur.
1110 1173 1296 1231 Rrrr.
1490 1194 1495 1198 ·
1946 1213 1952 1219 -

562 1252 678 1318 46.
750 1257 884 1333 lege
905 1255 1275 1329 nonfierent.
1323 1260 1572 1316 ΒΑΜἯ.
1662 1276 1757 1315 ms
1781 1259 1943 1315 enim
1964 1258 2290 1332 nonfieret.

563 1340 665 1403 48.
750 1337 977 1418 Sophia
1019 1343 1288 1420 Augusta
1329 1352 1457 1400 orat
1498 1345 1570 1399 B.
1613 1344 1865 1400 Mariam
1900 1344 2207 1421 Virginem
2250 1342 2574 1423 deiparam,

394 1444 548 1505 quae
572 1444 770 1482 omnes
809 1434 1064 1484 naturae
1095 1448 1309 1485 cursus
1351 1429 1416 1484 in
1455 1427 1693 1485 domitto
1718 1437 1932 1485 -nostm
1979 1428 2116 1487 Iesu
2151 1427 2381 1487 Christo
2415 1450 2578 1487 oom-

386 1510 580 1589 plevit
608 1510 817 1591 (verba
839 1512 915 1569 D.
940 1510 1270 1591 Fulgentii)
1284 1556 1302 1585 ,
1363 1523 1430 1570 ιιι
1466 1511 1743 1570 omnibus
1776 1512 1866 1569 acl
1885 1533 1948 1570 ae
1974 1513 2455 1593 confugientibus
2463 1515 2577 1595 fe-

394 1596 576 1653 minis
607 1594 970 1654 subveniren-
998 1617 1130 1655 nec
1153 1599 1370 1655 mirere
1402 1599 1695 1676 templum
1722 1598 2076 1676 ei·Byzautii
2103 1609 2409 1674 structum,
2440 1619 2576 1658 cum

392 1690 584 1738 totam
624 1681 838 1738 urbem
877 1682 1004 1739 eius
1041 1683 1394 1761 protectioni
1429 1685 1828 1762 auspiciisque
1855 1686 2210 1742 consecrarit
2237 1686 2576 1744 Constanti-

393 1784 510 1822 nus
537 1767 859 1843 Augustus,
901 1768 1114 1825 Zonar.
1146 1771 1184 1830 3
1213 1767 1456 1841 Auna1.,
1503 1778 1561 1824 et
1596 1768 1702 1825 illo
1729 1786 1876 1825 aevo
1905 1769 2189 1845 apostolis
2218 1768 2443 1828 dicatas
2474 1790 2575 1828 eo-

398 1851 608 1909 clesias
632 1848 845 1929 prodat
870 1852 1089 1911 Euseb.
1121 1849 1163 1915 4
1190 1854 1291 1928 59,
1337 1863 1398 1912 et
1423 1852 1785 1932 martyribus
1815 1852 1890 1909 D.
1917 1854 2238 1931 Augustin.
2268 1855 2442 1912 Civit.
2475 1853 2573 1912 dei

395 1936 434 1997 1
483 1940 540 1999 1.
623 1937 904 1996 Dans-r.
2661 1992 2667 2011 ,

561 2021 665 2085 52.
749 2024 836 2080 sic
867 2021 1124 2080 crebrius
1141 2019 1471 2081 Christiana
1499 2023 1843 2103 antiquitas.
1870 2020 2250 2091 ,Claudianus
2273 2024 2572 2103 epigram-

392 2107 602 2166 matis:
646 2117 787 2165 nate
820 2118 959 2165 tuae
1005 2109 1329 2186 matrisque
1365 2127 1630 2185 parma.-
1697 2109 2012 2180 Damasus,
2058 2117 2123 2165 ut
2155 2109 2382 2183 volunt,
2424 2110 2574 2167 Elo-

394 2195 540 2270 giis:
600 2194 975 2271 innuptaque
1013 2203 1204 2249 mater
1238 2213 1461 2249 arcano
1498 2194 1731 2269 stupuit
1770 2191 2053 2269 compleri
2089 2192 2319 2249 viscera
2357 2204 2577 2270 partu,

394 2264 695 2335 auctorem
714 2279 996 2354 paritura
1026 2296 1222 2334 suum.
1311 2278 1671 2335 venantius:
1720 2288 1976 2354 portans
1979 2274 2299 2356 fabricata
2314 2276 2576 2356 fabrum

395 2371 577 2439 atque
601 2361 871 2419 humana
900 2369 1229 2431 tonantem,
1274 2360 1517 2440 virgncla
1553 2362 1843 2445 radicem,
1885 2362 2072 2440 saeta
2100 2364 2355 2420 creantis
2377 2383 2566 2439 opem.

396 2448 643 2504 Bam-u.
748 2476 752 2485 ·

563 2530 648 2589 ib.
735 2540 878 2589 nota
922 2530 1361 2590 invocationem
1400 2531 1655 2608 Mariae,
1724 2532 2037 2591 Iustiniani
2078 2550 2225 2589 aevo
2274 2532 2397 2589 iam
2444 2541 2573 2590 tum

395 2628 717 2697 receptam.
801 2619 989 2675 Bri-'r-

567 2701 672 2767 58.
756 2701 1012 2779 speciale
1040 2719 1184 2758 aevo
1210 2701 1323 2758 isto
1350 2709 1411 2758 et
1430 2702 1766 2760 auctoribus
1790 2699 1968 2762 huius
1993 2703 2225 2781 generis
2251 2701 2570 2780 singulare,

397 2789 722 2861 eximium,
778 2788 945 2845 velut
982 2788 1112 2844 sine
1155 2787 1463 2864 exemplo,
1519 2781 1809 2865 significat
1827 2831 1843 2862 ,
1900 2799 1967 2848 ut
1994 2788 2161 2846 alibi.
2246 2790 2468 2866 Paneg.
2508 2790 2572 2845 in

395 2876 606 2933 Anut.
633 2892 693 2931 v.
716 2875 829 2937 37:
872 2874 1075 2930 miseri
1097 2870 1429 2948 specialiter
1450 2870 1609 2950 Afri
1626 2874 1692 2930 in
1711 2882 1767 2929 te
1784 2873 1984 2931 oculos
2007 2884 2187 2951 atque
2211 2893 2318 2930 ora
2327 2873 2564 2951 serunt.

395 2960 670 3018 Ruricius
697 2962 737 3022 8
767 2976 862 3036 ep.
893 2961 995 3031 32,
1041 2961 1141 3030 83,
1187 2955 1287 3030 84,
1333 2956 1414 3021 85
1447 2967 1506 3014 et
1541 2960 1645 3021 39.
1732 2960 1815 3015 ita
1837 2960 2164 3017 innumeris
2198 2959 2345 3017 locis
2372 2960 2572 3016 lvonis

394 3046 701 3122 epistolae,
735 3044 897 3101 Petri
924 3044 1071 3100 item
1098 3041 1522 3117 cluniacensis,
1550 3041 1805 3102 Goffridi
1830 3042 2305 3119 Nindocinensis,
2338 3053 2397 3101 et
2425 3043 2579 3101 alio-

394 3149 549 3189 rum.
631 3132 878 3188 Bana-11.

393 3237 400 3243 ’
559 3214 666 3278 55.
747 3211 994 3271 credula
1018 3220 1108 3271 est
1134 3211 1402 3281 credam,
1412 3211 1648 3285 fidens,
1677 3223 1745 3272 ut
1773 3232 2067 3292 persaepe
2089 3213 2153 3270 in
2180 3211 2372 3291 poetis
2400 3208 2576 3270 clu-i-

398 3300 624 3358 stianis.
706 3301 957 3357 Bau-ru.
2446 3323 2476 3350 x

566 3387 669 3448 60.
752 3382 1137 3461 servijbrma
1171 3389 1262 3439 est
1291 3399 1370 3437 ex
1400 3376 1628 3458 hymno
1654 3380 1976 3456 Ambrosii,
2021 3385 2126 3462 qui
2160 3402 2241 3441 ex
2261 3383 2332 3439 B.
2361 3382 2574 3439 Paullo

401 3468 733 3526 transtulit:
782 3466 987 3525 beatus
1010 3475 1222 3524 auetor-
1243 3464 1471 3523 saeculi
1496 3463 1707 3521 servile
1728 3484 1941 3540 corpus
1965 3467 2182 3525 indm.
2230 3468 2476 3524 Bana-11.

397 3589 400 3592 Δ
507 3607 510 3612 .
567 3556 671 3616 62.
754 3549 1167 3611 scribendum:
1215 3571 1333 3628 pro
1371 3550 1556 3607 tantis
1591 3545 1947 3627 (benedicta)
1989 3548 2177 3607 bonas.-
2233 3546 2574 3626 parenthesi

399 3637 566 3695 enim
591 3637 819 3695 inclusa
842 3656 966 3695 vox
990 3633 1203 3694 alludit
1237 3633 1534 3714 hymnum
1556 3631 1937 3693 Elisabethae
1969 3644 2027 3693 et
2056 3634 2387 3712 angelicam
2421 3652 2574 3714 quo-

397 3740 516 3802 que
546 3722 984 3780 salutationem.
1070 3731 1161 3779 est
1198 3740 1341 3778 vero
1385 3721 1595 3797 genius
1634 3717 1813 3778 huius
1856 3739 1928 3778 eo
1965 3737 2112 3777 aevo
2156 3738 2278 3776 non
2307 3729 2574 3777 contem-

395 3804 582 3864 nendi
611 3808 909 3886 scriptoris
951 3806 1028 3864 ob
1065 3804 1130 3864 id
1167 3803 1454 3864 amandus
1471 3848 1487 3879 ,
1546 3803 1711 3885 quod
1737 3806 1831 3864 sui
1857 3823 2037 3885 quam
2065 3805 2417 3863 simillimus.
2433 3805 2572 3861 ubi-
2682 3851 2693 3868 .

397 3909 518 3968 que
546 3901 652 3966 est,
684 3913 871 3970 more,
914 3892 1013 3951 vel
1037 3901 1247 3950 natura
1275 3892 1508 3969 potius,
1550 3909 1919 3950 summorum
1948 3900 2258 3949 auctorum
2280 3891 2571 3949 aemulus.

397 3977 645 4033 Bsn'ru.

568 4063 673 4124 67.
756 4060 1052 4140 (Repositis
1076 4059 1192 4123 hoc
1216 4072 1305 4121 est
1335 4061 1623 4133 consz'liis,
1667 4060 2113 4135 monitionibus,
2159 4062 2404 4141 coeptis.
2489 4058 2574 4117 sio

409 4143 443 4204 1
479 4139 600 4207 142
628 4163 709 4202 ex
731 4149 916 4205 veteri
937 4149 1089 4207 libro
1120 4150 1340 4227 optime
1369 4149 1625 4206 restituit
1640 4148 1881 4206 Ruizius
1896 4147 2245 4224 Assagrius:
2288 4144 2576 4221 dispositu

406 4245 551 4283 nam
582 4228 801 4287 Caesar
827 4250 978 4289 aas.
1065 4235 1315 4292 Bura.
1926 4277 1927 4280 =

574 4313 678 4374 69.
762 4326 1030 4374 tutamen
1059 4320 1310 4377 nitelam
1345 4316 1655 4397 significat.
1743 4317 2077 4377 tutae-ulum
2107 4323 2276 4377 vocat
2302 4306 2576 4370 Pruden-

403 4395 522 4455 tius
547 4395 656 4456 lib.
688 4400 732 4461 2
759 4400 828 4457 in
855 4400 1320 4489 Symmachum:
1382 4405 1528 4482 quin
1565 4416 1623 4461 et
1638 4403 1996 4482 „corporibus
2021 4411 2218 4463 versat
2242 4416 2405 4456 mens
2438 4394 2577 4452 νίνα
