3210 5200
655 393 805 463 200
1259 389 1593 456 CORIPPI
1642 388 1758 453 DE
1805 387 2219 454 LAUDIBUS

818 557 1064 617 fabrica.
1148 554 1440 613 mirantur
1464 555 1672 633 populi
1688 598 1706 628 ‚
1749 551 2067 632 studioque
2097 548 2342 610 videndi

823 663 1019 720 omnis
1044 677 1397 715 concurrens
1429 674 1614 714 sexus
1643 655 1921 714 veniebat
1952 664 2010 712 et
2041 665 2225 712 aetas.

695 761 780 828 55
822 760 1125 821 roboribus
1153 760 1326 817 flexis
1353 769 1569 818 teretes
1596 766 1941 816 curvaverat
1975 776 2145 814 arcus

823 864 1115 922 artificum
1139 858 1458 940 praedocta
1489 880 1704 918 manus
1724 904 1741 934 ,
1784 859 2170 937 trabibusque
2205 857 2424 915 cavatis

823 967 1075 1044 affigens
1098 964 1330 1022 tabulas
1354 960 1685 1042 pendentes
1712 971 2009 1019 struxerat
2042 958 2240 1034 aedes,

819 1079 1096 1149 quattuor
1118 1068 1447 1124 informans
1473 1065 1698 1123 molem
1732 1062 2083 1120 stationibus
2119 1080 2321 1134 unam,

818 1171 1018 1229 buxea
1044 1170 1315 1250 populeis
1350 1178 1557 1248 aptans
1588 1166 1866 1244 capitella
1896 1165 2208 1238 columnis,

696 1274 780 1338 60
821 1276 1184 1354 materiaque
1214 1275 1344 1351 ipsa
1375 1272 1547 1330 bases
1573 1270 1910 1326 firmaverat
1936 1269 2108 1323 imas.

824 1379 1025 1435 omnia
1051 1375 1358 1434 roboribus
1380 1381 1649 1432 sternunt
1673 1373 1804 1430 loca
1829 1372 2008 1449 plana
2035 1366 2258 1447 politis.

824 1481 1192 1557 coniungunt
1221 1477 1453 1535 tabulas
1484 1486 1541 1535 et
1567 1476 1712 1533 ferri
1732 1473 1990 1531 nexibus
2020 1478 2231 1544 artant,

828 1601 983 1662 quae
1009 1580 1243 1661 pondus
1269 1581 1667 1657 strepitusque
1695 1579 1890 1634 virtuu
1916 1583 2231 1652 motusque
2259 1565 2512 1625 faventis

826 1684 982 1740 ferre
1008 1693 1230 1762 queant
1253 1682 1481 1760 populi.
1568 1689 1914 1736 cunctorum
1940 1687 2107 1752 terga
2130 1664 2398 1731 locorum

700 1784 784 1849 65
827 1786 1236 1864 alternumque
1266 1783 1423 1839 latus
1452 1781 1739 1839 conclusit
1764 1778 1970 1836 sectile
1995 1777 2252 1852 liguum,

832 1886 1098 1966 undique
1124 1887 1435 1943 munimen
1461 1881 1641 1941 decus
1674 1889 1735 1937 et
1759 1879 2050 1937 tutamina
2076 1874 2392 1954 praebens.

835 1989 1177 2068 disposuere
1205 1984 1423 2067 gradus
1442 2030 1459 2061 ,
1500 1985 1670 2064 queis
1695 1990 1875 2040 staret
1906 1982 1972 2037 in
1999 1975 2205 2037 ordine
2233 1977 2416 2052 longo

828 2091 1089 2151 divisum
1114 2093 1177 2149 iu
1199 2101 1427 2147 turmas
1457 2096 1634 2166 atque
1659 2087 1724 2142 in
1750 2103 1859 2144 sua
1883 2100 2123 2159 corpora
2150 2080 2388 2155 vulgus,

825 2205 1028 2276 posset
1058 2204 1117 2251 et
1143 2202 1408 2253 exsertas
1438 2188 1516 2248 ad
1540 2207 1789 2247 munera
1817 2182 2061 2244 tendere
2095 2184 2348 2260 palmas,

700 2305 784 2364 70
821 2299 1066 2357 liberius
1096 2303 1361 2373 spectare
1389 2292 1577 2353 oculis
1604 2288 1999 2365 manibusque
2026 2287 2247 2358 favere,
2289 2323 2291 2325 »

828 2412 889 2459 et
915 2398 1087 2458 donis
1116 2406 1318 2475 aptare
1348 2396 1512 2453 sinus
1535 2436 1551 2466 ‚
1597 2410 1749 2471 quae
1777 2390 2036 2468 plurima
2071 2384 2280 2443 consul

825 2505 891 2562 iu
926 2503 1134 2582 plebes
1160 2502 1449 2559 missurus
1479 2506 1635 2570 erat,
1678 2494 2026 2573 pahnasque
2062 2507 2306 2568 capaces

825 2603 1072 2666 tendere
1089 2649 1106 2681 ,
1151 2623 1270 2684 quo
1295 2603 1540 2659 veniens
1566 2598 1686 2656 late
1715 2597 1889 2675 pluat
1921 2613 2132 2651 aureus
2161 2591 2376 2650 imber.

908 2711 988 2768 Ut
1011 2706 1184 2766 labor
1217 2703 1509 2762 artificum
1536 2701 1800 2780 perfecta
1827 2698 1986 2756 mole
2021 2696 2250 2775 quievit

701 2811 786 2877 75
830 2821 1008 2890 atque
1035 2809 1231 2887 operis
1261 2808 1411 2864 tanti
1434 2806 1614 2862 nituit
1643 2800 1856 2876 decus,
1899 2801 2101 2858 omnia
2123 2800 2263 2872 late,

827 2932 984 2993 quae
1013 2910 1191 2968 modo
1216 2911 1519 2989 lignorum
1546 2904 1902 2983 squalebant
1932 2904 2255 2979 fragmine,
2300 2896 2611 2976 mundant,

826 3022 1239 3091 exornantque
1274 3010 1474 3084 locos,
1519 3017 1581 3066 et
1609 3007 1763 3063 festa
1793 3004 2003 3064 fronde
2035 3012 2319 3063 coronant

826 3126 1026 3196 patres
1055 3116 1277 3194 quique
1311 3131 1470 3171 suas.
1557 3108 1697 3167 fixis
1719 3109 1986 3166 tabulata
2009 3107 2282 3165 virebant

828 3221 1165 3299 palmarum
1192 3218 1372 3273 ramis
1410 3223 1469 3272 et
1503 3214 1732 3269 amicae
1758 3213 1920 3292 pacis
1952 3210 2169 3268 olivae.

703 3329 786 3392 80
829 3333 1041 3380 cuncta
1075 3314 1455 3396 triumphalis
1483 3312 1807 3395 pendentia
1839 3313 2100 3370 cuhniua
2126 3312 2330 3371 laurus

830 3427 1010 3486 comit
1031 3434 1089 3482 et
1112 3422 1476 3499 amplectens
1499 3412 1680 3497 foliis:
1690 3416 1961 3474 felicibus
1985 3414 2192 3471 ambit.

832 3548 983 3611 quos
1017 3527 1142 3585 illic
1171 3520 1348 3581 ludos
1368 3565 1384 3595 ‚
1431 3540 1583 3600 quae
1610 3521 1763 3578 seria
1789 3520 2005 3595 vulgus
2028 3512 2321 3594 habebat!

830 3631 1038 3692 ludere
1062 3647 1222 3686 nunc
1251 3627 1399 3684 alios
1415 3668 1430 3699 ‚
1476 3624 1625 3681 alios
1648 3632 1912 3701 spectare
1937 3617 2195 3677 videres.

828 3736 996 3792 mille
1024 3731 1397 3808 voluptatum
1427 3729 1677 3803 species.
1760 3724 2062 3783 velamina
2081 3719 2354 3795 tendunt,

706 3840 785 3905 85
830 3848 889 3895 et
913 3838 1045 3894 loca
1064 3878 1079 3909 ,
1127 3850 1398 3912 quaeque
1423 3827 1665 3901 decent,
1710 3837 1775 3884 ut
1803 3826 1939 3904 plus
1966 3825 2286 3896 mirentur,
2332 3818 2702 3880 obumbrant.

829 3936 992 4020 quod
1021 3938 1199 4013 vulgo
1228 3945 1337 4007 est,
1384 3933 1502 3989 vile
1530 3942 1652 3989 est:
1703 3925 1990 4009 quicquid
2017 3927 2181 3999 latet,
2220 3934 2421 3980 exstat
2445 3920 2756 3994 honorum,

827 4039 1106 4123 quodque
1136 4037 1329 4113 magis
1355 4036 1611 4110 tegitur,
1662 4034 1837 4109 pretii
1868 4030 2108 4088 maioris
2133 4025 2407 4085 habetur.

829 4155 970 4202 tunc
1004 4140 1355 4198 interclusos
1389 4136 1542 4191 num
1565 4137 1816 4191 transire
1843 4131 1951 4190 sub
1983 4150 2152 4187 arcus

833 4261 1179 4306 concessum
1210 4250 1333 4299 est:
1381 4238 1605 4294 cunctis
1633 4233 1832 4292 medio
1860 4235 1957 4290 via
1988 4234 2110 4290 lata
2142 4231 2403 4311 patebat.

703 4355 787 4415 90
910 4351 1049 4407 Lux
1078 4355 1285 4404 octava
1307 4361 1460 4402 novo
1486 4341 1782 4400 nascentis
1809 4337 2035 4396 lumine
2062 4332 2280 4395 Christi
