3210 5200
654 318 745 400 ιθ
1084 420 1095 431 ·
1377 318 1505 386 BL.
1553 317 2100 386 MEROBAUDIS

454 505 507 559 p.
542 489 607 544 11
648 486 760 544 tari
802 485 953 542 velis
994 485 1310 565 exemplar
1352 495 1522 543 extra
1548 496 1620 555 ,te
1656 487 1927 566 quaeris:
1989 498 2048 545 et
2089 497 2155 545 ta
2191 489 2201 566 Ι
2238 508 2381 547 men
2427 487 2597 548 nulla
2640 490 2830 567 regio,

643 587 845 647 nullus
902 588 1104 663 locus,
1168 589 1337 646 nulla
1382 585 1644 668 denique
1689 589 1777 647 lin
1815 589 1826 668 Ι
1862 608 1983 668 gua
2019 588 2297 649 laudibus
2337 592 2455 650 tuis
2493 611 2683 649 vacua
2719 604 2830 651 est.

644 699 852 749 euntes
905 691 971 748 in
1024 687 1347 752 Thraciam
1381 688 1392 767 Ι
1428 692 1746 751 triumfum
1790 695 1898 773 qui
1939 693 2205 752 consiliis
2253 696 2373 754 tuis
2409 695 2567 752 intra
2607 693 2831 779 llispa-

642 792 809 849 uiffln
831 784 867 875 ΙΙ
2528 813 2590 873 ·p
2621 806 2739 867 εει
2768 792 2831 851 ·d

644 1099 750 1177 qui
781 1095 1120 1155 aestimator
1148 1117 1213 1157 es
1242 1116 1425 1178 quam
1453 1101 1713 1159 enormis
1741 1101 1966 1182 ubique
1997 1111 2057 1159 et
2091 1119 2274 1181 quam
2310 1100 2320 1176 Ι
2358 1101 2593 1159 insueta
2621 1109 2833 1178 gratu-

640 1200 785 1257 latio
823 1202 932 1273 sit,
977 1219 1114 1257 cum
1154 1201 1373 1280 aliquis
1414 1200 1602 1260 index
1645 1202 1721 1261 de
1759 1225 1827 1262 ac
1865 1205 1874 1281 Ι
1913 1205 2070 1262 tibus
2111 1206 2230 1260 tuis
2255 1200 2520 1260 secunda
2542 1203 2832 1282 loquitur.

638 1314 876 1381 praeter
902 1301 966 1359 id
994 1304 1159 1360 enim
1184 1301 1345 1381 quod
1384 1304 1393 1380 Ι
1432 1306 1495 1361 in
1522 1315 1581 1361 te
1602 1303 1817 1362 mundi
1845 1326 2014 1363 amor
2039 1315 2352 1378 consonat,
2398 1323 2579 1384 quem
2608 1304 2831 1385 proba-

640 1407 750 1478 sti,
794 1416 926 1461 tum
963 1406 972 1482 Ι
1012 1407 1075 1460 in
1104 1405 1473 1463 successibus
1506 1410 1628 1465 tuis
1655 1410 1873 1466 veritas
1907 1412 2037 1487 ipsa
2067 1406 2353 1465 delectat:
2397 1426 2576 1463 nemo
2617 1406 2626 1482 Ι
2666 1408 2878 1466 enim5

641 1504 717 1564 de
744 1508 906 1564 fama
939 1505 1171 1564 dubitat
1189 1551 1205 1581 ‚
1254 1510 1529 1586 quotiens
1558 1512 1773 1567 vicisse
1803 1519 1863 1568 te
1888 1510 2143 1566 nuntiat.
2184 1509 2193 1586 Ι
2233 1509 2465 1568 delatus
2491 1526 2601 1585 ego
2615 1509 2690 1567 'in
2716 1526 2828 1563 au-

638 1613 801 1689 gusti
858 1610 1048 1667 litoris
1107 1611 1340 1683 sinum,
1403 1628 1520 1688 qna
1568 1610 1823 1667 Salonas
1864 1630 2055 1688 usque
2095 1610 2108 1687 Ι
2141 1630 2250 1687 per
2293 1610 2592 1668 anfractus
2636 1621 2828 1667 terrae

637 1731 896 1791 pronum
951 1711 1201 1788 pelagus
1239 1712 1249 1788 Ι
1288 1711 1602 1784 inlabitur,
1659 1721 1867 1768 nactus
1927 1731 2064 1769 sum
2116 1710 2419 1791 quendam
2460 1712 2566 1790 qui
2603 1730 2668 1768 se
2708 1710 2828 1765 tuis

636 1833 702 1870 re
740 1812 748 1889 Ι
790 1813 1057 1869 centibus
1108 1814 1291 1890 gestis
1337 1814 1678 1872 interfuisse
1725 1824 2102 1871 memoraret.
2142 1814 2152 1890 Ι
2194 1811 2559 1886 Gothorum,
2610 1814 2915 1890 inquit‚1o

636 1934 852 1972 manus
904 1916 1182 1971 universa
1234 1933 1373 1971 cum
1408 1914 1419 1991 Ι
1458 1933 1597 1994 rege
1661 1917 1889 1972 exierat
1936 1917 2205 1973 Romana
2254 1914 2625 1993 populattnn.
2711 1910 2832 1977 hoc

635 2028 702 2076 ut
760 2014 887 2074 dux
937 2019 1225 2094 comperit
1266 2048 1344 2057 —-
1382 2014 1393 2092 Ι
1433 2018 1555 2074 iam
1595 2038 1719 2074 non
1760 2020 2074 2097 expectavi
2116 2027 2181 2075 ut
2222 2014 2477 2073 diceret:
2547 2034 2830 2094 progres-

633 2140 737 2178 sus
781 2130 906 2195 est,
949 2139 1049 2176 ma
1086 2118 1095 2195 Ι
1135 2138 1283 2176 num
1325 2120 1610 2178 contulit:
1654 2140 1851 2205 neque
1895 2123 2058 2183 enim
2099 2115 2250 2176 haec
2276 2138 2311 2174 a
2340 2129 2399 2175 te
2427 2129 2557 2175 acta
2587 2115 2830 2174 dubita-

625 2223 790 2280 bam.
845 2222 855 2299 Ι
914 2223 1184 2301 quaesivi
1238 2223 1441 2318 statim
1465 2265 1483 2296 ,
1557 2208 1705 2297 ubi,
1773 2223 2031 2305 qualiter
2083 2232 2410 2302 quantosve
2459 2218 2621 2278 fudis
2660 2220 2668 2293 Ι
2708 2239 2824 2278 ses.
2847 2228 2916 2284 15

629 2335 771 2383 tunc
801 2325 939 2399 ine,
986 2322 1065 2382 ad
1093 2335 1394 2399 montem,
1438 2326 1669 2404 inquit,
1715 2344 1897 2405 quem
1925 2324 2181 2382 Colubra
2218 2322 2227 2401 Ι
2268 2326 2424 2381 rium
2451 2324 2624 2407 quasi
2651 2342 2832 2401 prae-

626 2430 751 2486 scia
795 2430 1032 2485 vocavit
1077 2430 1431 2508 antiquitas:
1489 2430 1554 2484 in
1595 2446 1667 2483 eo
1705 2424 1714 2504 Ι
1757 2428 1920 2484 enim
1956 2447 2118 2484 nunc
2158 2429 2246 2484 rei
2287 2425 2562 2504 publicae
2599 2443 2830 2481 venena

431 2556 488 2609 p.
522 2538 592 2593 12
624 2541 917 2610 prostrata
959 2540 1098 2589 sunt
1147 2532 1452 2612 maxima3
1492 2529 1502 2608 Ι
1544 2526 1808 2588 hostium
1852 2539 2086 2608 partem
2122 2530 2517 2608 improvisus,
2560 2536 2627 2582 ut
2655 2526 2828 2599 solet,

621 2637 759 2692 neci
813 2631 1026 2706 dedit3
1078 2632 1089 2709 Ι
1124 2632 1418 2712 fusisque
1467 2632 1742 2708 peditum
1792 2635 2010 2711 copiiS,
2078 2651 2232 2712 quae
2290 2632 2584 2711 plurimae
2641 2639 2916 2703 erant‚20

628 2737 758 2815 ipse
808 2734 819 2812 Ι
860 2735 1141 2811 palantes
1183 2745 1411 2796 turmas
1450 2744 1799 2810 persecutus
1828 2777 1846 2807 ‚
1906 2743 2133 2790 stantes
2173 2734 2411 2806 robore,
2463 2732 2473 2809 Ι
2508 2732 2827 2810 fugientes

624 2836 929 2893 alacritate
991 2836 1340 2912 conpressit.
1423 2851 1537 2888 nec
1587 2834 1779 2890 multo
1819 2833 1830 2912 Ι
1856 2843 2002 2909 post
2056 2809 2176 2890 rex·
2217 2835 2347 2913 ipse
2393 2853 2532 2892 cum
2577 2830 2825 2916 reliquis

626 2939 813 3016 copiis
846 2936 972 2994 suis
1004 2933 1235 3010 adfuit,
1272 2935 1286 3013 Ι
1324 2933 1683 3018 defixusque
1720 2930 1964 2998 horrore
1996 2936 2195 3000 subito
2231 2937 2457 3002 calcata
2490 2958 2678 3017 prope
2723 2957 2826 2995 ca..

630 3040 848 3100 davera
878 3033 910 3124 ΙΙ
2518 3059 2572 3097 ὀ
2605 3053 2724 3115 961
2761 3039 2825 3097 ·d

630 3451 684 3509 si
710 3447 811 3507 hic
838 3451 1072 3512 litterae
1100 3443 1478 3504 excusandae
1503 3457 1668 3510 sunt.
2019 3443 2024 3449 ’
2583 3467 2646 3526 p.
2682 3451 2824 3513 183.

1081 3619 1567 3690 ErxPlcht
1652 3577 1700 3676 .’
1757 3615 2369 3678 PrAera'rm

615 3870 704 3929 rit.
739 3886 837 3921 non
864 3870 1110 3952 expedint
1146 3869 1237 3922 vix
1258 3869 1388 3923 enim
1410 3867 1476 3921 de
1496 3865 1723 3920 walliae
1742 3866 1876 3921 bello
1899 3863 2177 3918 vandalico
2201 3861 2490 3930 intelligere
2512 3862 2649 3928 licet,
2679 3864 2824 3918 cuius

615 3947 830 3992 eventus
862 3956 939 3992 rei
978 3939 1214 4010 publicae
1250 3937 1494 3991 exitiosus
1528 3936 1646 3989 suit.
1715 3955 1768 4008 p.
1798 3935 1846 3988 11
1882 3950 1935 3986 v.
1964 3937 1993 3988 1
2030 3951 2089 4001 pr
2113 3951 2158 3984 m
2196 3937 2442 3988 enormes.
2476 3964 2543 3974 —
2578 3950 2632 3986 v,
2657 3936 2691 3987 7
2714 3942 2767 3986 et
2789 3939 2823 3989 8

614 4009 800 4062 verba:
838 4027 943 4077 qua
961 4012 1076 4062 Sal.
1108 4027 1224 4077 unq.
1250 4026 1306 4076 p.
1338 4010 1455 4074 ans.
1484 4013 1579 4060 ter.
1609 4022 1693 4075 pr,
1731 4003 1916 4058 omissa
1950 4021 1984 4055 a
2018 4002 2252 4065 librario,
2285 4002 2351 4054 ab
2392 4002 2718 4055 emendatore
2751 4004 2826 4057 ita

613 4076 809 4132 inserta
846 4087 968 4131 sunt
1002 4087 1059 4130 ut
1098 4093 1310 4141 versus,
1348 4093 1495 4144 quem
1532 4078 1565 4129 8
1608 4071 1899 4135 numeravi,
1933 4072 2049 4124 inde
2073 4071 2308 4126 oriretur.
2373 4070 2508 4123 idem
2532 4072 2825 4124 emendator

611 4149 839 4217 pelagus
879 4146 1105 4212 addidit,
1194 4145 1298 4198 nod
1333 4144 1431 4198 iam
1469 4160 1501 4197 a
1538 4160 1604 4213 pr
1640 4159 1689 4195 m
1726 4142 1993 4192 exstabat:
2032 4141 2128 4193 boc
2166 4139 2364 4206 autem,
2400 4157 2465 4192 ue
2503 4140 2580 4192 bis
2618 4158 2825 4212 compa-

618 4226 786 4277 reret,
840 4216 975 4269 linea
1010 4223 1151 4265 trans
1192 4214 1285 4266 xit..
1323 4243 1389 4253 -
1426 4230 1478 4265 v.
1506 4213 1571 4264 16
1608 4210 1725 4262 cod.
1762 4211 1961 4277 inquid.
2033 4227 2084 4261 v.
2107 4210 2177 4264 24
2211 4226 2273 4278 pr
2305 4226 2353 4260 m
2382 4210 2720 4264 mbicalcata.
2755 4238 2824 4250 -

622 4282 871 4339 EsPuclt
894 4281 1270 4339 Pertva'riO.
1304 4280 1379 4334 sic
1401 4278 1753 4354 expediendus
1777 4284 1858 4332 est
1877 4277 2078 4333 librarii
2097 4278 2237 4332 lusus
2259 4277 2480 4333 ciusdem
2500 4278 2701 4351 generis
2723 4295 2824 4348 quo
