3210 5200
652 421 799 493 352
1259 407 1563 478 NOTAE
1610 403 1700 470 IN
1751 400 2075 481 LIBRUM
2120 399 2219 466 11v

652 604 943 669 perquam
969 577 1238 660 apposita
1283 584 1396 633 est.
1481 591 1518 630 a
1551 569 1877 629 Iustiniana
1925 564 2149 624 etenim
2195 562 2452 621 obeunte
2498 567 2840 637 sun-egetur

655 675 903 752 imperio
945 666 1207 725 lustinus
1224 704 1243 735 ,
1304 670 1370 717 ut
1409 657 1685 725 nonnus
1730 651 2001 732 phoenix
2037 670 2073 707 e
2115 649 2282 706 senio
2328 645 2585 705 confecti
2612 646 2831 718 cinere,

657 758 887 818 ultimis
925 749 1194 829 reliquiis
1213 788 1231 821 ,
1290 742 1648 815 renascitur,
1703 741 1789 799 sic
1814 738 1919 795 ille
1954 755 2036 793 ex
2061 733 2309 792 consilio
2337 732 2463 788 sive
2488 731 2695 788 ultima
2720 747 2835 787 vo·

657 847 884 902 luntate
914 839 1036 894 iam
1065 845 1222 891 terra
1251 828 1535 891 cedentis.
1582 828 1833 884 Bau-1⁸11.
1879 822 2091 895 malim
2116 816 2517 895 distinguere:
2563 824 2836 872 sanctum

660 931 746 985 sio
769 926 924 985 Iota.
1013 921 1210 977 Βοῦς..
2007 962 2015 967 ,

828 1006 973 1074 855.
1056 1012 1284 1061 rectum
1307 1017 1526 1073 nomen
1552 1014 1810 1073 congrue
1837 990 2015 1050 dicit:
2072 1007 2155 1048 ex
2184 985 2458 1046 omnibus
2484 985 2649 1045 enim
2673 983 2837 1040 litte-

664 1101 744 1156 ris
772 1095 907 1154 Iota
944 1090 1144 1149 solum
1184 1096 1448 1144 erectum
1487 1093 1547 1139 et
1584 1082 1754 1139 nullo
1793 1079 1914 1136 nisi
1946 1095 2056 1139 suo
2084 1071 2240 1153 pede
2268 1073 2468 1130 nisum
2498 1081 2607 1143 est,
2653 1079 2712 1125 et
2746 1086 2842 1125 ro-

663 1193 824 1240 ctum
848 1180 974 1236 sive
1000 1173 1293 1232 autetiam
1316 1178 1621 1249 praeterea
1653 1174 1843 1223 notat.
1894 1159 2048 1219 haec
2073 1159 2216 1217 talia
2248 1158 2499 1233 Corippo
2529 1155 2846 1232 ingenium

665 1285 786 1325 non
812 1261 1083 1321 defuisse,
1100 1256 1333 1330 docent,
1382 1264 1442 1313 et
1470 1270 1660 1331 genus
1693 1244 1931 1307 dicendi
1962 1264 2081 1303 non
2107 1253 2195 1305 est
2226 1239 2376 1299 adeo
2411 1252 2605 1317 turpe,
2650 1239 2845 1323 siqui-

667 1350 807 1409 dem
837 1366 976 1406 cum
1001 1341 1273 1403 eiusdem
1299 1342 1431 1398 aevi
1462 1338 1596 1396 aliis
1626 1351 1978 1412 componere
2004 1329 2281 1389 volueris.
2338 1328 2585 1387 ΒΑΜ-Β.

834 1431 916 1489 ib.
1005 1430 1377 1489 Alemannus
1409 1426 1475 1482 in
1506 1442 1634 1500 cap.
1663 1424 1704 1484 6
1748 1420 1904 1477 nist.
1930 1419 2191 1475 Arcanae
2230 1409 2373 1469 hinc
2411 1409 2639 1485 colligit
2677 1404 2851 1488 quod

664 1519 1024 1578 lastinianus
1060 1513 1431 1572 consueverit
1454 1526 1677 1566 nomen
1712 1524 1891 1563 suum
1929 1502 2103 1560 unica
2138 1499 2336 1555 littera
2377 1495 2419 1554 Ι
2447 1504 2678 1552 notare.
2767 1510 2850 1549 an

669 1605 812 1664 satis
842 1600 1227 1682 probabiliter
1256 1596 1524 1667 senserit,
1566 1610 1689 1650 uon
1722 1587 1942 1647 iudico.
2029 1586 2226 1642 Foco.

839 1686 985 1751 356.
1071 1680 1384 1742 sciendum
1410 1681 1474 1736 in
1505 1697 1651 1737 voce
1678 1673 2056 1734 lastinianus
2080 1671 2375 1727 Graecum
2398 1672 2713 1727 accentum
2739 1678 2854 1718 na-

673 1787 838 1832 turae
864 1772 1026 1833 vocis
1050 1785 1412 1845 praeponere
1439 1761 1722 1839 exemplo
1752 1760 1885 1817 aevi
1916 1757 2011 1815 sui
2041 1755 2364 1831 Corippum
2390 1758 2687 1819 nostrum.
2770 1747 2856 1804 sic

670 1864 733 1916 in
768 1858 1198 1933 epigrammate
1225 1846 1542 1907 Pandectis
1572 1841 2151 1924 praefixot-ssa'sslov.
2235 1839 2487 1894 ΒΑΜ-ιι.

838 1940 983 2002 858.
1068 1938 1279 1995 vincas
1304 1933 1564 2009 Iustieae]
1609 1939 1752 1986 nota
1787 1928 2014 1987 faustas
2042 1923 2501 1982 acclamationes
2530 1918 2856 1994 imperato-

675 2026 836 2084 ribus
857 2022 986 2080 fieri
1013 2021 1240 2080 solitas.
1325 2019 1411 2074 sic
1441 2016 1599 2073 infra
1629 2017 1671 2076 2
1703 2014 1824 2077 168
1860 2020 1918 2068 et
1944 2029 2001 2067 v.
2039 2010 2187 2071 308.
2273 2006 2392 2064 tale
2429 2014 2520 2062 est
2551 1998 2705 2061 illud
2743 2020 2854 2058 vo-

675 2194 1086 2253 Tertullianus
1112 2189 1522 2267 Apologetieo.
1577 2172 1859 2260 exempla
1884 2180 2143 2259 plurima
2171 2176 2657 2234 acclamationum
2689 2173 2855 2231 eius-

678 2278 845 2338 modi
880 2272 1264 2355 suppeditant
1305 2270 1588 2331 historiae
1612 2270 1916 2345 Augustae
1951 2265 2266 2341 scriptores
2282 2305 2299 2335 ,
2344 2279 2492 2341 quos
2518 2253 2857 2315 incredibili

680 2363 991 2441 diligentia
1041 2358 1514 2439 dexteritateque
1573 2355 1900 2419 illustratos
1949 2346 2114 2439 dedit
2159 2350 2397 2407 Isaacus
2452 2342 2861 2409 Casaubonus.

678 2453 993 2598 angffl·
1078 2529 1398 2609 elementa]
1465 2528 1658 2587 multa
1714 2527 1896 2585 etiam
1954 2521 2029 2581 de
2086 2472 2382 2578 famulatu
2432 2517 2863 2574 elementorum

573 2671 584 2684 .
682 2618 1083 2700 principibus,
1127 2614 1207 2674 ad
1234 2614 1389 2675 illud
1422 2612 1495 2673 de
1521 2618 1561 2677 3
1589 2614 1841 2671 Honorii
1875 2608 2218 2668 consulatu:
2263 2605 2366 2662 cui
2403 2600 2641 2660 militat
2665 2596 2865 2657 aether

685 2717 743 2762 et
765 2703 1062 2768 coniurati
1085 2702 1334 2760 veniunt
1357 2701 1447 2760 ad
1469 2699 1726 2757 classica
1748 2698 1926 2756 venti.
2015 2694 2165 2753 Stat.
2195 2691 2345 2751 silv.
2375 2687 2417 2751 4
2457 2693 2515 2751 1.
2580 2689 2760 2743 lanus
2786 2679 2867 2739 ad

684 2790 1124 2852 Domitianum:
1170 2788 1306 2864 ipsa
1327 2805 1492 2844 meae
1515 2794 1755 2863 tepeant
1774 2780 1885 2839 tibi
1907 2779 2105 2837 sidera
2133 2776 2397 2835 brumae.
2452 2774 2737 2831 Dsursr.
2858 2809 2865 2816 -

853 2871 997 2937 364.
1082 2872 1233 2949 quin
1260 2874 1440 2929 etiam
1466 2871 1808 2929 exanismcm
1830 2865 2116 2945 gaudere.
2208 2863 2293 2919 sic
2325 2855 2693 2936 explendam
2711 2853 2868 2913 hanc

685 2960 963 3016 lacunam
1002 2957 1227 3032 putavi.
1268 2957 1456 3013 Rrrr.
1537 2956 1817 3012 lacunam
1861 2945 2258 3027 supplendam
2296 2963 2428 3004 esse
2466 2962 2614 3002 voce
2659 2939 2868 2998 mnir-

688 3061 852 3099 mum
881 3037 1091 3100 suadet
1120 3040 1390 3115 superior
1415 3058 1477 3096 V.
1504 3037 1649 3100 249.
1735 3038 1932 3094 Foco.
2854 3065 2859 3070 -

855 3122 938 3183 ih.
1027 3120 1127 3181 hic
1158 3124 1372 3188 lacuna
1400 3130 1547 3180 erat.
1591 3120 1868 3198 supplevi
1892 3116 2008 3175 hoc
2031 3126 2227 3195 pacto,
2257 3112 2576 3172 manifesta
2598 3110 2826 3169 ratione
2843 3123 2866 3165 ε

689 3214 888 3288 ἰρειιω
914 3209 1240 3288 quinetiam
1251 3206 1470 3287 suncti
1490 3205 1759 3285 gaudere
1773 3214 2043 3283 putares.
2134 3202 2417 3259 Dmsr.

856 3293 1001 3357 865.
1085 3294 1153 3350 in
1182 3292 1463 3371 angelica
1487 3301 1788 3351 mutatum
1816 3299 1999 3348 morte
2003 3287 2257 3368 figura]
2302 3285 2514 3344 malim
2526 3284 2601 3340 in
2633 3277 2878 3359 angeli-

691 3398 827 3440 cam
843 3376 1134 3455 figuram.
1211 3379 1399 3437 Rrrr.
1813 3383 1819 3390 ’
2660 3405 2665 3408 -

858 3465 1003 3526 366.
1077 3464 1383 3544 posuisse]
1414 3463 1626 3522 malim
1653 3462 2016 3540 imposuisse.
2104 3459 2293 3515 Rrrr.

859 3550 1047 3606 me
1077 3552 1119 3611 2
1162 3569 1221 3607 v.
1256 3551 1314 3612 1.
1399 3549 1729 3608 Persimilis
1775 3556 1877 3605 est¹
1906 3546 1999 3602 illi
2040 3543 2146 3622 qui
2180 3548 2375 3599 exstat
2407 3533 2568 3616 apud
2601 3535 2874 3604 Dracon-

691 3635 845 3693 tium
871 3635 1278 3695 flexaemero:
1338 3635 1543 3692 mida
1575 3650 1965 3711 purpureum·
1995 3647 2286 3707 spoegms
2317 3623 2569 3683 Aurora
2600 3617 2875 3678 ruborem

692 3719 857 3777 ducit
881 3716 1101 3800 ubique
1121 3718 1297 3776 diem.
1385 3721 1637 3778 Bau-n.

861 3806 924 3864 2.
1008 3801 1314 3883 dominus]
1360 3805 1448 3861 sio
1488 3804 1680 3863 vocati
1714 3803 2123 3879 imperatores,
2167 3813 2508 3877 quanquam
2533 3791 2725 3870 primo
2754 3806 2874 3845 no·

695 3906 836 3946 men
861 3885 1015 3945 illud
1043 3891 1304 3949 invisum
1330 3889 1599 3946 reiecerit
1625 3896 1761 3966 post
1787 3889 2127 3964 Augustum
2150 3882 2450 3954 Tiberius,
2496 3889 2554 3935 et
2573 3874 2881 3934 Domitia-

699 3992 813 4032 nus
835 3970 1017 4032 modo
1049 3972 1316 4034 delatum
1341 3970 1722 4052 cupidissime
1756 3973 2060 4050 exceperit
2084 3965 2263 4027 modo
2292 3963 2669 4027 recusaverit.
2751 3960 2880 4017 Pa-

697 4060 824 4136 pin.
856 4058 964 4117 lib.
1000 4060 1034 4121 1
1066 4059 1217 4118 Silv.
1247 4059 1393 4117 ult.:
1452 4068 1508 4115 et
1530 4057 1700 4116 dulci
1725 4054 2259 4135 dominmnsavore
2285 4051 2589 4110 clamant.-
2630 4044 2744 4102 hoc
2775 4062 2884 4110 co-,

698 4142 829 4201 lum
854 4145 1040 4203 vetuit
1063 4142 1237 4201 licere
1269 4144 1507 4202 Caesar.
1595 4143 1789 4200 multa
1816 4140 1896 4199 ad
1919 4134 2271 4218 Symmachi
2288 4135 2572 4215 epistolas
2602 4130 2882 4190 observat

700 4229 830 4288 loca
868 4231 960 4316 vir
997 4225 1261 4286 eruditus
1294 4229 1393 4287 Fr.
1424 4230 1677 4287 Iuratus.
1763 4223 2126 4286 Claudianus
2160 4241 2363 4300 saepe.
2447 4236 2639 4278 unum
2675 4216 2883 4273 locum

699 4314 986 4384 referam,
1040 4313 1144 4391 qui
1169 4323 1306 4390 eget
1331 4313 1690 4374 correctione
1708 4357 1727 4389 ‚
1783 4313 1848 4369 in
1878 4311 2135 4369 Praefat.
2169 4305 2247 4366 ad
2278 4307 2385 4364 lib.
2414 4309 2461 4368 2
2493 4306 2561 4361 in
2587 4304 2833 4375 Eutrop-
2859 4313 2882 4353 ε

700 4397 1014 4454 indomitos
1048 4416 1241 4455 vanas
1281 4396 1449 4477 luget
1488 4395 1683 4456 abisse
1727 4397 1943 4456 minas.
2033 4388 2442 4475 reponendum
2477 4391 2547 4448 in
2582 4385 2886 4454 dominas
