3210 5200
654 417 748 492 34
1374 451 1383 498 ,-
1581 419 1917 490 ΟΟΒῙΡΡῙ

818 587 1026 647 ductor
1058 588 1160 645 ait.
1248 582 1394 645 iussi
1423 586 1645 646 celeres
1672 608 1852 667 super
1883 588 2084 648 omnia
2112 601 2327 652 nautae
2393 629 2398 636 -
2509 635 2513 642 -
2638 609 2668 654 ι·

815 697 1182 749 armamenta
1215 687 1457 748 volant:
1502 709 1742 752 currens
1771 687 1871 758 hic
1899 692 2035 750 vela
2066 673 2325 770 resolvit,
2393 769 2396 776 Ι

647 794 770 858 225
814 794 1040 869 colligit
1069 790 1173 847 ille
1204 790 1404 863 sinus;
1448 793 1639 864 socios
1670 789 1938 854 hortatur
1961 805 2207 854 ovantes

815 894 1086 952 dulcibus
1114 892 1218 949 ille
1245 873 1439 967 sonis,
1484 903 1544 951 et
1569 904 1746 953 cantu
1777 894 2000 954 mulcet
2029 908 2227 955 acuto.

815 995 957 1053 dant
984 997 1213 1053 animos
1238 995 1495 1053 clamore
1523 996 1668 1054 viri·
1711 1017 1834 1056 vox
1860 998 1991 1077 ipsa
2016 999 2252 1057 labores

810 1095 1056 1156 adiuvat
1079 1107 1139 1155 et
1163 1098 1320 1156 vires
1346 1098 1544 1157 nautis
1574 1108 1633 1156 et
1660 1098 1880 1177 gaudia
1909 1112 2190 1179 praestat.

893 1199 1166 1256 caucana
1198 1199 1405 1258 Sicani
1432 1201 1603 1259 iuxta
1633 1201 1787 1261 iacet
1813 1223 1955 1262 arva
1977 1201 2266 1282 Pachyni,

644 1307 769 1367 230
809 1303 982 1360 litora
1014 1319 1191 1359 curva
1212 1310 1451 1378 tenens,
1497 1305 1664 1362 cuius
1695 1314 1837 1363 tunc
1865 1324 2077 1363 ancora
2107 1315 2314 1384 portus

810 1409 1115 1464 Romanae
1144 1404 1353 1463 classis
1382 1425 1587 1465 morsu
1612 1408 1958 1485 perstrinxit
1986 1408 2253 1480 obunco3

812 1518 873 1565 et
898 1510 1019 1566 iam
1046 1505 1362 1564 stelliferas
1391 1509 1575 1567 maris
1610 1520 1844 1588 asperat
1871 1505 2171 1588 Hesperus
2198 1502 2412 1579 undas,

804 1607 1097 1667 inducens
1116 1607 1287 1664 ten-is
1312 1615 1528 1665 tetram
1552 1610 1807 1687 callgine
1829 1623 2090 1671 noctem·

812 1709 913 1768 hic
941 1707 1067 1781 dux
1093 1708 1516 1784 magnanimus
1543 1730 1787 1770 securus
1817 1730 2018 1789 puppe
2048 1708 2347 1768 Iohannes

642 1815 764 1880 235
811 1811 1087 1890 carpebat
1106 1828 1385 1885 somnos,
1433 1822 1639 1871 cautus
1675 1833 1813 1871 cum
1841 1814 1994 1870 forte
2020 1812 2308 1888 magister

809 1918 941 1994 ipse
965 1914 1114 1971 ratis
1140 1909 1413 1990 placidos
1440 1917 1736 1991 persensit
1761 1933 2001 1992 surgere
2028 1923 2264 1971 ventos.

809 2017 1086 2075 discurrit
1108 2035 1341 2096 puppes
1366 2017 1557 2094 pubes
1580 2016 1799 2074 festina
1817 2037 1926 2095 per
1944 2035 2172 2090 omnes,

808 2127 1176 2178 armamenta
1199 2136 1450 2196 parans3
1493 2119 1852 2199 solvuntque
1883 2138 1919 2176 a
1948 2118 2121 2176 litore
2148 2116 2347 2188 funes,

806 2242 930 2281 non
957 2229 1301 2299 exspectato
1331 2220 1498 2278 iussu
1529 2218 1731 2281 ducis:
1776 2222 1976 2282 omnia
1999 2229 2218 2278 nautae

627 2327 762 2393 ‚240
803 2325 939 2386 veh
963 2325 1202 2399 ierant,
1245 2324 1385 2382 totis
1412 2320 1744 2400 pandentes
1753 2325 1952 2384 „lintea
1978 2321 2200 2380 flabris.

886 2427 1019 2484 Iam
1041 2422 1310 2484 medium
1336 2426 1586 2505 pelagus
1613 2428 1808 2485 ventis
1832 2425 2090 2504 impulsa
2115 2422 2359 2483 tenebat

807 2530 1012 2587 classis
1029 2570 1045 2602 ,
1092 2537 1151 2585 et
1183 2536 1452 2585 extremo
1481 2527 1761 2608 surgebat
1788 2527 2018 2587 roscida
2050 2528 2215 2585 caelo

803 2629 1135 2711 producens
1161 2632 1390 2689 Aurora
1420 2626 1582 2687 diem
1600 2674 1619 2705 ‚
1660 2649 1802 2687 cum
1830 2631 2012 2690 tristis
2040 2632 2242 2708 imago

807 2732 1068 2792 ductoris
1090 2735 1257 2790 stetit
1275 2742 1418 2790 ante
1446 2730 1664 2810 pedes,
1706 2741 1959 2810 cognata
1985 2732 2269 2790 tenebris.

639 2830 763 2902 '245
805 2839 1013 2893 Maura
1040 2832 1354 2892 videbatur
1376 2835 1563 2892 facies
1591 2836 1884 2912 nigroque
1910 2834 2106 2895 colore

804 2932 1073 3010 horrida,
1113 2943 1177 2992 et
1200 2931 1476 2994 obductis
1507 2943 1902 3015 contorquens
1929 2937 2161 2995 lumina
2185 2937 2466 2997 flammis.

806 3049 949 3096 tunc
974 3037 1061 3095 sic
1082 3055 1218 3095 orsa
1245 3037 1432 3117 loqui.
1509 3026 1701 3116 “quas
1732 3039 1904 3097 classi
1930 3038 2126 3099 tendis
2154 3041 2219 3098 in
2243 3039 2420 3099 oras?

801 3143 867 3199 in
896 3141 1150 3220 Libyam
1178 3139 1426 3196 transire
1450 3137 1665 3216 putas?
1679 3132 1713 3161 ’³
1799 3143 1896 3199 cui
1924 3143 2107 3201 verba
2141 3144 2448 3202 remittens

805 3239 1013 3300 ductor
1039 3241 1121 3298 ait
1153 3230 1386 3298 “cernis
1405 3252 1637 3302 nostras
1663 3245 1913 3302 transire
1947 3246 2193 3320 carinas,

636 3343 760 3410 250
799 3363 1018 3423 meque
1046 3360 1220 3419 rogas
1233 3331 1314 3398 ν’
1398 3342 1570 3402 vultu
1594 3346 1879 3405 minitans
1905 3357 2048 3406 tunc
2072 3346 2256 3405 tristis
2283 3346 2503 3425 imago,

800 3442 1041 3503 horrida
1068 3444 1348 3502 sulfureis
1380 3454 1774 3526 contorquens
1799 3447 2029 3509 lumina
2056 3450 2357 3525 monstris,

791 3538 953 3604 “non
978 3540 1303 3605 transibis”
1344 3548 1448 3606 ait.
1535 3550 1718 3607 sensit
1747 3549 1907 3629 quod
1931 3560 2132 3611 mente
2157 3551 2456 3629 malignus

803 3649 1051 3726 angelus
1075 3649 1178 3707 ille
1205 3649 1350 3723 fuit,
1398 3650 1555 3709 claro
1584 3648 1845 3710 deiectus
1874 3654 2150 3732 Olympo.

802 3769 913 3808 nec
937 3752 1135 3809 timuit
1158 3760 1361 3810 tamen
1388 3753 1517 3831 ipse
1544 3753 1702 3813 seras
1734 3756 2026 3812 imitantia
2055 3754 2276 3813 fonnas

633 3850 757 3917 255
800 3872 903 3910 ora
932 3853 1065 3912 viri.
1151 3858 1419 3935 sequitur
1444 3854 1805 3933 fugientem,
1850 3865 1909 3912 et
1934 3854 2224 3935 prendere
2253 3863 2456 3913 certat.

800 3955 903 4012 ille
926 3975 1110 4015 manu
1138 3953 1352 4015 densas
1384 3976 1704 4034 aspergens
1731 3966 1866 4014 ante
1891 3959 2183 4033 tenebras,

799 4059 1043 4135 pulvere
1069 4060 1375 4118 commisto
1392 4103 1408 4134 ,
1450 4067 1636 4115 tetrae
1668 4059 1935 4137 callginIs
1962 4061 2170 4119 umbra

802 4158 1059 4221 ductoris
1089 4159 1362 4219 turbabat
1391 4160 1523 4217 iter.
1609 4156 1721 4218 sed
1745 4180 1945 4220 rursus
1976 4162 2048 4219 ab
2078 4163 2197 4221 alto

636 4312 738 4364 232
789 4311 1061 4364 stelliferas
1106 4292 1197 4363 M'
1411 4309 1516 4365 233
1571 4310 1791 4379 testam]
1848 4314 2035 4366 terram
2085 4313 2136 4365 Τ
2365 4311 2468 4366 227
2524 4312 2713 4365 classes
2763 4313 2812 4365 Τ

635 4380 737 4432 Ξ53
790 4380 937 4434 oculo
958 4380 1173 4434 deictus
1195 4377 1410 4451 olimpho
1438 4381 1489 4432 Τ
1637 4442 1641 4445 Y
1687 4380 1790 4435 254
1821 4381 2099 4437 mimantis
2125 4383 2176 4435 Τ
2372 4382 2473 4439 257
2505 4391 2646 4436 terre
2677 4383 2736 4435 Τ.
