3210 5200
649 1090 1360 1201 CORNELII
1453 1089 2091 1206 VALERII
2184 1087 2831 1204 VONGKII

880 1292 889 1299 ’
1152 1357 1177 1375 .
1284 1299 1356 1384 Ρ
1385 1298 1470 1383 R
1497 1298 1583 1387 A
1611 1298 1683 1384 E
1714 1298 1783 1385 F
1813 1298 1899 1387 A
1924 1296 2010 1385 T
2036 1298 2079 1384 Ι
2109 1293 2219 1386 O.

652 1684 793 1790 Est
833 1734 977 1781 sane
1018 1720 1310 1801 corippus
1344 1721 1693 1797 Africanus,
1736 1720 1846 1801 qui
1885 1720 1996 1780 sub
2035 1720 2262 1780 Iustino
2304 1718 2582 1782 Secundo
2621 1720 2837 1795 floruit,

653 1824 1008 1882 excellentis
1039 1824 1280 1902 spiritus
1306 1831 1483 1903 poeta
1510 1834 1570 1882 et
1597 1843 1778 1904 supra
1804 1832 2061 1881 aetatem
2087 1820 2292 1881 doctus
2308 1867 2326 1898 ,
2368 1842 2566 1902 neque
2591 1820 2841 1880 dubium

654 1935 746 1984 est
783 1926 928 2004 quin
947 1968 963 1999 ,
1022 1926 1077 1983 si
1114 1928 1180 1983 in
1214 1926 1451 1985 felicius
1485 1924 1793 1984 incidisset
1828 1944 2078 2000 aevum,
2137 1927 2293 1982 inter
2332 1927 2632 1983 maximos
2674 1932 2842 1982 vates

652 2027 866 2085 fuisset
905 2024 1332 2087 numerandus.
1417 2026 1526 2089 sed
1563 2048 1726 2087 nuuc
1769 2029 2140 2109 praeclaram
2170 2028 2340 2086 illam
2368 2037 2428 2085 et
2460 2025 2708 2083 divitem
2732 2045 2842 2083 ve-

654 2148 801 2187 nam
829 2129 1054 2186 saeculi
1082 2126 1161 2188 ad
1193 2131 1533 2189 barbariem
1561 2135 1863 2211 vergentis
1891 2132 2149 2209 corrupit
2176 2130 2387 2208 genius
2404 2172 2421 2205 ,
2466 2130 2632 2186 cuius
2658 2128 2845 2186 vesti-

656 2230 758 2307 gia
781 2240 850 2288 ut
873 2233 1099 2309 egregii
1122 2234 1317 2312 operis
1342 2232 1595 2291 totidem
1619 2253 1843 2292 naevos
1868 2234 2094 2311 passim
2120 2241 2397 2291 ostentat.
2480 2233 2715 2309 saepius
2748 2239 2844 2287 ta·-

657 2351 802 2389 men
845 2335 1120 2411 generosi
1165 2335 1345 2394 oloris
1390 2337 1578 2395 instar
1621 2336 1798 2394 altius
1847 2333 2115 2413 adsurgit
2132 2377 2149 2408 ,
2216 2344 2278 2392 et
2319 2333 2567 2391 lectores
2608 2351 2749 2390 suos
2781 2332 2847 2389 in

658 2444 968 2513 stuporem
990 2436 1243 2516 abripit,
1287 2439 1433 2496 talia
1463 2449 1608 2496 tunc
1637 2439 1922 2517 temporis
1947 2437 2127 2497 scribi
2155 2435 2440 2515 potuisse.
2526 2429 2705 2513 quid!
2749 2434 2849 2491 in·-

659 2538 982 2616 spiciamus
1018 2546 1227 2620 poetas
1266 2542 1403 2600 illos
1417 2585 1434 2619 ,
1489 2543 1595 2624 qui
1638 2560 1674 2599 a
1714 2542 2099 2599 Constantino
2137 2548 2197 2597 et
2235 2538 2344 2597 sub
2388 2532 2745 2596 Theodosiis
2780 2553 2851 2592 ac

663 2651 873 2719 postea
917 2642 1243 2702 floruerunt
1279 2646 1582 2725 vulgoque
1617 2641 1936 2702 Christiani
1968 2641 2241 2702 audiunt.
2323 2659 2491 2699 mera
2519 2640 2606 2697 ibi
2635 2638 2851 2696 barba-

665 2744 821 2817 ries,
887 2745 941 2800 si
990 2742 1308 2802 Sedulium
1350 2747 1698 2803 Paullinum
1740 2753 1800 2801 et
1842 2763 2063 2821 paucos
2116 2744 2270 2801 forte
2322 2742 2473 2799 alios
2524 2742 2851 2819 exceperis.

665 2843 961 2921 corippus
993 2855 1216 2923 quanto
1244 2846 1319 2902 iis
1347 2845 1561 2916 serior,
1603 2852 1772 2899 tanto
1806 2842 2152 2920 elegantior.
2238 2838 2565 2922 optandum
2586 2842 2855 2920 profecto

665 2953 737 3001 ut
763 2946 979 3022 scripta
1009 2946 1136 3003 eius
1168 2942 1248 3001 ad
1275 2964 1384 3003 uos
1414 2946 1646 3020 integra
1670 2945 2098 3021 pervenissent.
2183 2942 2294 3004 sed
2319 2955 2380 3002 et
2402 2961 2621 3021 magua
2648 2961 2854 3001 eorum

667 3056 838 3124 parte
886 3043 1293 3119 destituimur,
1362 3052 1420 3103 et
1470 3045 1687 3126 quibus
1728 3046 1910 3103 etiam
1945 3066 2054 3125 per
2089 3056 2447 3105 vetustatem
2486 3042 2757 3103 invidam
2787 3045 2854 3101 iu

672 3145 835 3205 hunc
868 3145 1031 3206 diem
1057 3167 1366 3227 superesse
1394 3148 1593 3221 licuit,
1635 3147 1830 3206 lacera
1861 3157 1921 3206 et
1949 3159 2158 3207 trunca
2180 3148 2500 3228 adparent,
2543 3144 2853 3226 Deiphobo

672 3250 1000 3328 virgiliano
1039 3269 1195 3329 pene
1237 3247 1669 3328 componenda.
1754 3248 1907 3310 adde
1923 3295 1940 3326 ,
1983 3252 2257 3331 plurimis
2300 3253 2365 3308 in
2398 3252 2545 3309 locis
2576 3260 2702 3307 tam
2725 3259 2854 3306 tur-

671 3354 829 3430 piter
857 3372 925 3412 ac
955 3354 1165 3431 supine
1196 3371 1262 3411 se
1293 3350 1527 3410 dedisse
1554 3352 1857 3427 librarios,
1903 3363 1970 3412 ut
1999 3355 2325 3412 coniunctis
2358 3354 2528 3434 quasi
2558 3351 2856 3410 mentibus

672 3455 742 3512 in
779 3456 988 3513 miseri
1027 3456 1280 3514 auctoris
1322 3455 1649 3534 perniciem
1685 3456 1911 3513 iurasse
1949 3454 2283 3514 videantur.
2364 3475 2477 3513 nec
2499 3455 2698 3533 potuit
2723 3451 2857 3510 effi-

679 3576 812 3615 cere
852 3558 1275 3617 excellentium
1301 3560 1565 3617 virorum
1586 3554 1879 3615 industria
1904 3568 1972 3615 ut
2007 3558 2285 3616 omnibus
2309 3553 2473 3616 hisce
2498 3555 2858 3615 medicinam

676 3659 943 3718 facerent
986 3679 1184 3740 neque
1224 3659 1357 3718 aliis
1399 3668 1534 3738 post
1577 3677 1838 3717 messem
1872 3661 2137 3737 ipsorum
2174 3668 2420 3717 restaret
2460 3659 2857 3736 spicilegium.

678 3757 893 3839 quodsi
934 3780 1072 3818 vero
1106 3770 1273 3819 tanta
1308 3763 1549 3840 ingenia
1576 3761 1693 3818 sibi
1715 3758 1880 3819 haud
1905 3758 2252 3818 indecorum
2276 3757 2667 3817 iudicaverint
2687 3757 2861 3813 labo-

679 3861 836 3916 ranti
860 3860 1148 3940 Corippo,
1202 3874 1271 3922 ut
1302 3873 1538 3943 praesto
1574 3872 1733 3937 erat,
1786 3881 1964 3940 opem
1987 3864 2177 3936 ferre,
2226 3859 2439 3941 quidni
2470 3877 2610 3936 ego,
2655 3858 2864 3936 pusilli

682 3957 891 4018 iudicii
929 3973 988 4019 et
1030 3967 1240 4023 aetatis
1277 3962 1596 4024 homuncio
1614 4007 1630 4038 ,
1677 3982 1839 4020 ame
1867 3983 1990 4021 non
2023 3964 2286 4021 alienum
2321 3960 2538 4018 ducam
2563 3969 2629 4015 ut
2653 3960 2863 4036 positis

680 4062 1006 4141 paullisper
1045 4065 1501 4144 elegantioribus
1542 4063 1622 4122 ad
1659 4067 1860 4123 Musas
1894 4066 2263 4145 aliquantum
2291 4060 2535 4143 quidem
2565 4058 2863 4118 horridio-

682 4183 808 4238 reS,
858 4185 971 4224 nec
1015 4166 1195 4244 plane
1237 4177 1439 4226 tamen
1481 4166 1765 4239 incultas,
1816 4163 2138 4241 divertam,
2191 4162 2622 4243 modulumque
2659 4183 2864 4222 meum

684 4265 765 4324 ad
791 4265 1163 4329 exornandas
1196 4287 1297 4331 eas
1329 4270 1632 4336 conferam
1645 4264 1677 4326 ’ἒ
1763 4267 1915 4326 bene
1950 4267 2094 4326 alibi
2125 4264 2436 4345 Barthius,
2482 4263 2557 4325 de
2587 4263 2703 4326 hoc
2733 4268 2865 4344 ipso
