3210 5200
996 365 1525 435 IOHANNIDOS
1574 366 1736 436 Lm.
1785 368 1934 435 VII.
2418 372 2560 447 145

412 528 496 594 40
539 530 894 590 constituere
923 540 1090 590 metu
1120 539 1182 589 et
1207 529 1380 591 celsis
1405 532 1657 590 vinxere
1683 533 1946 591 camelis.

538 632 713 690 litora
746 635 1049 692 Romanus
1082 630 1282 692 densis
1308 635 1604 692 exercitus
1636 636 1816 693 armis

538 745 818 813 occupat,
864 743 923 790 et
946 735 1098 793 latos
1129 736 1384 813 implent
1413 736 1664 793 tentoria
1693 756 1953 814 campos,

538 835 906 915 Massylique
938 834 1118 896 duces
1145 835 1377 895 medios
1404 855 1655 916 posuere
1684 838 1951 896 Latinos.

538 933 680 994 hinc
711 947 889 1016 atque
916 934 1058 995 hino
1087 947 1328 997 cunctos
1362 958 1579 997 cannas
1611 938 1796 997 fixere
1828 959 1937 1018 per
1965 957 2160 1015 agros,

411 1034 495 1100 45
539 1048 718 1116 atque
750 1041 945 1098 omnis
972 1042 1397 1099 tenuerevias.
1484 1046 1628 1098 tunc
1656 1041 1828 1099 litore
1858 1039 1932 1097 ab
1964 1041 2128 1097 omui

537 1136 831 1199 contrahit
862 1144 989 1221 ipse
1019 1153 1207 1216 rates,
1252 1151 1547 1222 portuque
1573 1153 1731 1200 stare
1757 1141 1998 1201 Larisoo

537 1242 739 1315 iussitr,
783 1253 841 1300 et
873 1247 1159 1323 impensis
1185 1248 1378 1304 socios
1404 1255 1732 1325 gentesque
1759 1245 1982 1302 levavit

539 1339 889 1420 dispensans
917 1366 1028 1425 per
1052 1358 1238 1405 castra
1267 1358 1438 1426 pater
1462 1365 1864 1425 numerosque
1892 1343 2211 1409 Iohannes.

624 1446 786 1503 Dum
819 1446 999 1507 trahit
1026 1451 1132 1507 ille
1163 1447 1291 1508 dies
1323 1447 1504 1526 digna
1527 1448 1888 1507 fortissimus
1916 1459 2041 1507 arte

415 1543 501 1612 50
542 1556 601 1603 et
626 1557 834 1624 gentes
864 1552 1123 1609 cruciare
1149 1560 1317 1629 parat
1335 1595 1353 1625 ‚
1396 1552 1700 1629 consurgit
1728 1550 1931 1608 oborta

542 1647 755 1707 seditio
772 1693 790 1725 ,
833 1653 1204 1732 populosque
1230 1654 1395 1710 furor
1414 1672 1523 1732 per
1551 1664 1740 1712 castra
1765 1653 2010 1710 Latinos

541 1752 766 1810 insanis
795 1763 967 1829 urget
994 1754 1273 1813 stimulis.
1354 1755 1481 1812 iam
1503 1774 1807 1829 murmure
1832 1754 2034 1813 crebro

542 1864 841 1911 exacuunt
861 1853 1071 1914 dubias
1100 1867 1302 1915 contra
1328 1875 1434 1914 sua
1456 1867 1698 1935 pectora
1721 1865 1974 1931 mentes,

541 1974 648 2033 pro
686 1953 890 2014 dolor!
936 1967 1192 2016 armatas
1222 1969 1498 2017 revocant
1522 1960 1583 2016 in
1610 1959 1835 2017 viscera
1862 1956 2104 2018 dextras

416 2055 500 2122 55
544 2059 795 2137 quisque
822 2059 967 2133 sibi,
1009 2062 1383 2141 propriisque
1412 2071 1622 2139 parant
1656 2061 1980 2118 cervicibus
2010 2082 2216 2121 ensesa

543 2162 677 2240 quis
711 2161 876 2218 furor
904 2161 1008 2218 ille
1033 2162 1147 2219 suit
1166 2207 1181 2236 ‚
1228 2182 1346 2243 quo
1377 2164 1463 2222 sic
1493 2172 1798 2220 exarserat
1827 2163 2023 2220 omnis

541 2259 810 2320 funditus
838 2265 968 2342 ipse
990 2283 1129 2322 suas
1154 2266 1407 2323 Latiaris
1435 2262 1684 2344 perdere
1709 2265 1887 2340 miles

545 2373 687 2421 tunc
709 2362 909 2423 acies?
994 2377 1227 2425 mentes
1255 2368 1503 2425 miseras
1533 2384 1661 2424 sors
1690 2383 1868 2425 saeva
1894 2361 2188 2426 trahebat.

543 2485 662 2524 non
691 2468 940 2541 metuis,
990 2469 1291 2544 Romane,
1337 2465 1591 2527 ducem?
1677 2476 1765 2525 tot
1798 2466 1960 2525 bella
1977 2510 1993 2540 ‚
2039 2477 2128 2527 tot
2156 2468 2378 2553 hostes,

419 2571 505 2635 60
542 2587 691 2649 quos
720 2569 1109 2629 circumfusos
1139 2581 1364 2629 certum
1395 2580 1484 2629 est
1510 2569 1773 2649 patuisse
1792 2612 1809 2644 ,
1829 2617 1834 2622 ,
1856 2579 2083 2628 caveto.

543 2691 619 2728 en
650 2673 906 2751 Libyam
929 2693 1039 2751 per
1060 2674 1218 2731 bella
1252 2692 1425 2752 paras
1457 2692 1594 2730 cum
1622 2672 1898 2750 gentibus
1928 2692 2048 2730 una

545 2785 804 2848 vertere,
848 2783 908 2830 et
930 2775 1181 2834 infensis
1212 2778 1493 2834 miseram
1520 2777 1675 2854 petis
1694 2818 1711 2850 ‚
1755 2774 2057 2852 improbe,
2105 2777 2263 2838 telis.

544 2873 694 2951 heu,
739 2873 958 2955 pietas!
1003 2877 1108 2935 ubi
1137 2888 1340 2935 sancta
1366 2875 1557 2935 fides?
1602 2878 1724 2935 fors
1753 2896 1930 2935 saeva
1960 2876 2191 2937 laborat

545 2977 620 3036 de
650 2978 927 3036 manibus
953 2988 1150 3055 partos
1178 2981 1415 3059 populis
1446 2981 1677 3042 auferre
1702 2976 2061 3057 triumphos⁸

417 3071 503 3149 65
629 3084 919 3161 Coeperat
942 3079 1184 3160 obliquo
1217 3081 1517 3141 ductorem
1540 3084 1768 3140 lumine
1793 3082 1968 3141 miles

546 3187 867 3264 respiciens
900 3183 1024 3238 iam
1050 3180 1196 3240 dura
1222 3184 1388 3264 loqui
1412 3186 1759 3263 sociumque
1791 3185 2023 3263 quietos

548 3289 851 3365 exagitare
887 3286 1117 3343 animos
1147 3305 1436 3365 auresque
1460 3284 1713 3363 implere
1739 3304 2001 3343 susurro.

546 3406 657 3447 nec
681 3392 805 3446 iam
833 3385 987 3445 odiis
1013 3405 1266 3465 posuere
1292 3387 1573 3462 modum,
1618 3385 1725 3445 sed
1752 3406 1899 3445 voce
1930 3384 2190 3446 nefanda

549 3493 731 3570 impia
759 3491 941 3548 verba
970 3491 1189 3548 ferunt.
1275 3492 1491 3549 silvam
1516 3491 1683 3550 velut
1711 3489 1869 3566 ignis
1898 3485 2095 3546 adurit

417 3595 506 3658 70
548 3595 886 3672 appositus,
927 3570 1274 3673 primaeque
1303 3602 1547 3652 movent
1580 3587 1859 3649 incendia
1888 3589 2184 3664 flammae,
2266 3658 2269 3662 ‚

549 3714 689 3752 cum
714 3698 912 3753 tenuis
936 3696 1198 3754 scintilla
1225 3697 1389 3754 leves
1417 3691 1774 3753 succendere
1803 3689 2045 3749 frondes

550 3797 789 3874 incipit,
834 3807 935 3854 aut
960 3798 1202 3875 fragiles
1228 3800 1516 3876 crepitant
1541 3815 1679 3853 oum
1705 3794 1913 3852 fomite
1938 3792 2143 3851 culmi.

550 3898 786 3957 fumum
811 3908 1007 3956 atrum
1033 3901 1296 3978 primum
1318 3917 1683 3979 parvamque
1715 3898 1879 3955 exire
1908 3894 2178 3952 favillam

549 4020 726 4080 saepe
755 3997 958 4060 vides:
1006 4020 1153 4061 mox
1182 4020 1246 4059 se
1274 4020 1490 4060 vacuas
1515 4000 1817 4060 Vulcanus
1851 3995 1926 4054 ad
1955 4015 2128 4054 auras

374 4180 452 4234 40
482 4179 687 4235 iunxere
710 4183 823 4237 MT
989 4186 1059 4238 46
1091 4190 1370 4256 portusque
1392 4184 1584 4237 intrare
1603 4157 1843 4236 Lariscos
1859 4181 1920 4233 Μ
2084 4180 2153 4251 48
2186 4178 2478 4250 dispensant
2499 4178 2563 4241 Τ,

374 4250 639 4318 dispensat
660 4252 721 4303 Μ
869 4253 941 4307 50
973 4252 1159 4308 aborta
1182 4255 1231 4306 Τ
1372 4255 1443 4306 56
1468 4252 1612 4323 quod
1640 4254 1689 4305 Τ
1836 4253 1906 4304 60
1938 4248 2166 4324 potuisse
2193 4251 2243 4302 ¹1·
2383 4250 2453 4303 73
2485 4250 2566 4300 fu-

373 4334 491 4371 ram
517 4321 588 4385 Τ,
621 4321 884 4375 funeream
908 4324 987 4378 M.
1886 4327 1896 4338 “
