3210 5200
701 326 844 402 140
1302 412 1309 417 ,
1619 333 1952 404 CORJPPI

691 498 815 565 410
854 498 977 559 sola
1010 495 1179 572 duci,
1221 517 1341 558 nen
1377 497 1557 578 plena
1585 497 1733 560 fides
1766 512 1891 560 est:
1934 521 2077 561 nam
2102 502 2234 562 loca
2259 514 2490 565 tantum

857 624 1009 685 qnae
1038 614 1278 660 teneant
1304 602 1531 678 fossae,
1568 604 1772 685 'cuncti
1796 624 1906 663 nos
1931 606 2081 664 scire
2108 607 2385 667 fatemur.

856 707 1171 765 consilium
1200 705 1396 783 gentis
1421 723 1656 763 summo
1679 707 1940 785 perferre
1966 710 2272 786 magistro,
2381 742 2384 747 ·

852 810 1077 866 utilitas
1107 804 1255 881 haec
1284 806 1460 864 rebus
1487 811 1598 866 erit
1620 809 1883 887 perfecta
1906 812 2158 870 Latinis.

852 920 1088 989 tempus
1117 908 1318 983 adest,
1358 910 1537 967 socii:
1577 930 1823 987 prensos
1853 915 2153 991 rapiamus
2183 912 2256 970 ab
2285 909 2477 986 hoste,

658 1013 809 1081 '415
852 1011 996 1071 dum
1023 1013 1187 1070 locus
1214 1021 1338 1085 est,
1384 1011 1489 1091 qui
1516 1021 1725 1069 cuncta
1756 1010 1893 1071 duci
1915 1015 2231 1074 manifesta
2259 1017 2550 1074 resolvant

853 1117 1141 1175 Carcasan
1170 1131 1386 1172 arcana
1417 1105 1573 1171 sui-¹⁵
1653 1133 1766 1171 nec
1790 1114 1962 1192 plura
1985 1116 2183 1175 locuto

852 1217 1063 1276 obvius
1092 1237 1226 1275 ecce
1253 1217 1416 1274 venit
1441 1215 1768 1290 Turinum,
1809 1216 2061 1296 belliger
2080 1219 2187 1275 ille

849 1319 1130 1379 terribilis
1156 1315 1461 1399 quondam
1485 1319 1734 1392 nostris,
1770 1319 2025 1397 stipante
2051 1330 2304 1379 caterva.

852 1420 952 1480 hic
977 1425 1256 1501 pinnatus
1286 1430 1442 1495 erat,
1484 1440 1604 1477 non
1632 1440 1814 1501 quem
1835 1422 2170 1499 placaverat
2198 1434 2334 1482 ante

689 1520 814 1589 420
853 1527 1192 1603 ensipotens
1225 1520 1578 1597 Solmnuth3
1624 1525 1861 1601 generis
1891 1534 2091 1583 tamen
2117 1545 2290 1604 asper
2316 1536 2560 1607 uterque

852 1629 1140 1704 sanguine
1166 1625 1496 1704 proximior
1522 1643 1654 1682 sese
1686 1643 1794 1703 per
1817 1626 1977 1685 bella
2006 1628 2252 1686 ferebat.

851 1727 1011 1786 hunc
1043 1728 1146 1786 ubi
1171 1727 1533 1807 prospiciens
1561 1736 1761 1784 contra
1785 1728 2095 1787 Liberatus
2122 1740 2364 1788 euntem

852 1828 1003 1887 vidit
1029 1840 1088 1887 et
1115 1831 1324 1886 erectis
1347 1837 1673 1885 tentantem
1697 1828 1922 1906 proelia
1948 1827 2192 1905 dextris,

849 1932 1018 1989 irruit
1046 1933 1174 2010 ipse
1202 1932 1392 2008 prior,
1432 1918 1776 2009 turmasque
1803 1928 2033 1989 invadit
2058 1943 2383 2011 equestres-

686 2029 810 2098 425
852 2032 991 2091 inde
1020 2034 1216 2090 serum
1245 2034 1513 2091 Veuman
1546 2029 1746 2089 valido
1776 2051 1883 2110 per
1908 2043 2146 2110 pectora
2174 2035 2299 2112 pilo

842 2134 1195 2213 transadigit
1211 2178 1228 2210 ‚
1271 2136 1614 2214 Mat-zinqne
1644 2136 1776 2192 neci
1799 2136 2155 2215 nigrumque
2178 2135 2511 2196 Lamaldan

847 2248 906 2295 et
936 2240 1111 2297 Zeias
1145 2234 1311 2294 dedit
1337 2255 1479 2294 ense
1508 2238 1706 2315 gravi,
1756 2237 2091 2318 fortemque
2117 2238 2339 2298 Tifilan

842 2352 903 2399 et
930 2343 1223 2399 Burcanta
1251 2337 1612 2420 Nathnnque
1641 2339 1779 2396 ferit
1808 2339 2153 2420 Sarzunque
2178 2343 2464 2422 Tilinque

843 2444 1284 2523 ensiferumque
1312 2444 1530 2514 Nican3
1576 2444 1821 2500 comites
1850 2444 1983 2522 quis
2008 2445 2190 2501 mittit
2214 2440 2291 2500 ad
2309 2444 2552 2504 umbras

673 2542 797 2612 430
837 2547 1165 2606 terribilem
1189 2548 1353 2606 Asan
1380 2554 1440 2602 et
1468 2545 1801 2603 vibrantem
1826 2546 2051 2604 missile
2076 2547 2395 2607 Dextrum.

841 2648 1131 2710 audacem
1153 2651 1364 2707 Petrus
1387 2647 1653 2706 Tafaran
1677 2648 1997 2708 confixerat
2019 2647 2212 2723 hasta,

841 2773 1023 2834 quem
1045 2753 1193 2832 petit
1216 2752 1465 2809 infensis
1490 2751 1814 2809 luctantem
1835 2748 2141 2809 Iammada
2166 2750 2302 2808 telis
2316 2766 2341 2808 ε

838 2854 1001 2913 huno
1023 2865 1224 2912 tamen
1251 2861 1569 2930 exceptum
1599 2856 1809 2911 Petrus
1833 2873 2112 2911 mucrone
2134 2853 2410 2931 peremit,

838 2958 1074 3017 verticis
1106 2956 1227 3011 alta
1254 2962 1452 3012 rotans
1480 2956 1763 3011 truncatis
1785 2957 2037 3032 timpora
2061 2956 2252 3012 venis.

673 3058 797 3129 485
839 3056 1176 3136 Stephanus
1200 3056 1433 3113 Altisan
1448 3097 1465 3129 ‚
1507 3051 1717 3112 Tarah
1738 3054 1875 3111 ferit
1902 3073 2041 3112 ense
2060 3051 2436 3132 Iugurtham,

840 3160 1191 3218 Muriferum
1215 3158 1452 3216 Priscus
1477 3154 1919 3236 lelidassenque
1946 3157 2218 3213 Caresus.

837 3262 1086 3321 Silvutis
1108 3259 1430 3318 Zembrum
1444 3302 1462 3334 ,
1506 3260 1790 3336 Grorgius
1813 3256 2043 3315 conficit
2068 3260 2329 3337 Auspnr,

838 3362 1083 3423 vulnere
1106 3359 1445 3440 perfodiens
1470 3370 1768 3419 contortae
1793 3357 2052 3438 cuspidis
2074 3361 2320 3438 inguen.

918 3466 1084 3524 Victa
1111 3461 1382 3542 phalanx
1402 3481 1642 3522 versum
1667 3459 1909 3520 dederat
1938 3464 2239 3520 Maurusia
2263 3462 2534 3526 dorsum:

664 3563 789 3634 440
829 3568 1121 3626 victorum
1144 3565 1412 3645 seqnitur
1433 3565 1622 3644 pubes
1645 3566 1944 3645 veloxque
1970 3566 2263 3623 tribunus.

831 3670 1020 3746 surgit
1045 3664 1121 3725 ad
1149 3663 1455 3724 aethereos
1483 3667 1672 3725 nubes
1701 3664 2052 3725 densissima
2082 3686 2345 3746 campos,

831 3772 1076 3848 pulvere
1104 3769 1261 3827 facta
1288 3769 1491 3846 fugae.
1575 3767 1722 3828 duro
1757 3779 1928 3828 sonat
1952 3771 2179 3848 ungula
2205 3790 2410 3848 cornu,

833 3881 894 3930 et
918 3872 1063 3931 latet
1088 3873 1343 3950 aspersis
1369 3891 1613 3951 campus
1636 3881 1942 3951 coopertus
1968 3875 2184 3931 arenis.

662 4084 767 4144 414
787 4104 932 4142 rarus
953 4085 1050 4141 ism
1072 4088 1329 4159 rapuimus
1350 4090 1414 4142 ab
1439 4093 1551 4143 oste
1565 4090 1629 4154 T,
1651 4105 1793 4141 raros
1816 4088 1914 4142 iam
1933 4088 2147 4142 uidimus
2166 4088 2414 4141 hostesM
2528 4090 2632 4145 415
2652 4092 2759 4143 tum
2774 4092 2839 4146 Μ

665 4158 791 4211 ima.
826 4174 929 4227 quo
953 4158 1016 4224 Μ
1178 4159 1282 4212 418
1317 4159 1499 4212 nostris
1517 4160 1592 4223 M,
1626 4159 1744 4210 bisti
1772 4161 1822 4210 Τ
1982 4159 2081 4212 431
2119 4165 2313 4228 petrum
2339 4161 2389 4212 Τ
2534 4159 2639 4213 434
2671 4160 2838 4214 uirtu-

666 4227 735 4278 tis
758 4229 809 4278 Τ
957 4226 1085 4278 ibid.
1118 4227 1287 4279 neruis
1310 4228 1371 4280 M
1518 4226 1621 4282 435
1655 4228 1917 4280 sthesanus
1938 4227 2117 4279 altisan
2144 4229 2208 4293 T,
2242 4228 2437 4281 Altissn
2460 4229 2749 4300 Stephanus
2770 4231 2838 4286 Μ

666 4294 769 4350 437
804 4295 1085 4364 Gregorius
1105 4293 1267 4349 inficit
1288 4295 1351 4351 M
1549 4297 1652 4354 440
1683 4296 1825 4368 pules
1846 4296 2088 4368 uelosque
2112 4298 2179 4365 T,
2212 4296 2352 4353 miles
2374 4298 2628 4369 veloxque
2650 4300 2725 4352 M.
