3210 5200
969 450 1086 519 DE
1131 450 1539 522 LAUDIBUS
1583 451 1916 524 IUSTINI.
2369 455 2509 529 451

370 613 448 674 ad
476 633 698 675 annum
722 613 1024 696 pertinens
1049 618 1204 691 320,
1248 634 1367 697 quo
1393 618 1806 678 Constantinus
1832 619 2084 697 Magnus
2111 639 2228 679 una
2258 640 2392 680 cum
2418 626 2520 682 al«

366 711 490 759 tero
519 702 641 760 filio
671 701 1051 759 Constantino
1077 704 1209 758 Iun.
1239 704 1465 761 consul.
1495 707 1533 766 6
1562 704 1878 781 prooessit:
1918 705 2152 762 FELIX
2182 708 2511 765 PROCES-

364 785 506 843 SUS
552 785 713 844 COS.
759 788 796 846 6
837 787 1017 843 AUG.
1049 788 1123 842 N.
1206 795 1265 844 et
1299 787 1361 843 in
1404 806 1649 844 nummo
1688 790 2008 862 Maxentii,
2066 808 2245 868 quem
2286 794 2510 867 primus

363 866 550 926 edidit
591 865 1012 946 Spanhemius,
1054 870 1200 925 FEL
1237 871 1577 930 PROCESS
1621 872 1912 931 CONSUL
1960 874 2152 945 AUG,
2197 883 2256 929 et
2299 876 2360 929 in
2390 877 2507 932 alio

363 950 902 1029 apud'Bandurium
925 971 988 1030 p.
1009 950 1161 1016 149:
1192 954 1424 1013 FELIX
1448 956 1787 1015 PROCESS
1814 957 2219 1015 CONSULAT
2245 959 2404 1016 AUG
2434 963 2505 1019 N.

360 1035 500 1094 vide
519 1033 947 1114 spanhemium
964 1037 1122 1095 Diss.
1153 1040 1230 1101 12
1257 1034 1296 1118 ᾗ
1329 1037 1390 1102 6.
1473 1040 1670 1098 Foco.

524 1140 670 1201 216.
752 1139 1111 1217 suspiciunt]
1156 1143 1278 1195 e'rat
1305 1148 1474 1196 antea
1499 1141 1850 1217 suscipiunt.
1935 1141 2217 1199 Demsw.

524 1236 669 1301 284.
749 1248 949 1314 togam
987 1238 1251 1295 omnium
1291 1236 1597 1315 ordinum,
1643 1243 1835 1298 omnis
1865 1260 2044 1300 sexus
2073 1244 2294 1300 Romae
2320 1242 2505 1301 fuisse

358 1331 696 1400 gestamen,
740 1325 871 1401 quis
899 1320 1131 1380 nescit?
1188 1320 1341 1381 addo
1378 1334 1608 1381 tantum
1649 1324 1879 1402 cpolim
1922 1328 2102 1383 etiam
2138 1325 2502 1385 translatam.

356 1403 661 1464 claudian.
694 1404 767 1463 de
791 1406 953 1463 bello
985 1404 1254 1464 Gildon.:
1299 1427 1434 1464 eum
1473 1406 1664 1466 subito
1679 1430 1806 1486 par
1833 1409 2031 1468 Roma
2061 1409 2234 1478 mihi,
2276 1409 2503 1466 divisa-

354 1511 468 1566 que
504 1492 755 1567 sumpsit
786 1491 1062 1567 aequales·
1100 1510 1319 1547 aurora
1355 1502 1544 1571 togas.
1633 1511 1763 1551 rara
1790 1489 1864 1550 de
1889 1504 2030 1573 toga
2053 1495 2316 1552 invenies
2342 1493 2503 1571 apud

352 1572 600 1632 Suidam
628 1577 695 1631 in
718 1568 1022 1653 τήβεννος.
1104 1576 1383 1634 nemer.
1513 1631 1519 1637 .

518 1676 662 1737 287.
746 1676 935 1754 sectis]
978 1675 1127 1733 sorte
1153 1674 1334 1734 lectis.
1376 1678 1563 1737 Rrrr.
1647 1674 1752 1735 sed
1776 1678 1945 1735 sec-tels
1971 1684 2059 1736 est
2085 1673 2307 1751 divisis,
2341 1685 2500 1736 certo

354 1754 557 1815 ordine
592 1766 651 1815 et
677 1777 923 1817 numero
952 1758 1421 1838 procedentibus.
1504 1765 1745 1822 Voucx.

517 1856 660 1921 240.
745 1858 1006 1939 tegebat]
1049 1860 1304 1918 formula
1330 1872 1584 1940 recepta.
1653 1863 1831 1919 curt.
1859 1864 1932 1924 8:
1972 1862 2205 1932 rimant,
2246 1872 2407 1919 stant
2430 1863 2496 1919 in

351 1943 504 2012 acie,
549 1953 602 1998 te
637 1943 838 2020 clipeis
875 1946 998 2002 suis·
1016 1955 1356 2024 protegunt.
1441 1947 1549 2002 lib.
1574 1948 1616 2009 9
1647 1945 1773 2023 ipse
1798 1942 2170 2002 Alexander:
2216 1965 2307 2000 me
2328 1948 2496 2021 peri—

351 2027 502 2084 culis·
526 2025 857 2099 obtulerim,
900 2031 1006 2107 qui
1031 2049 1203 2106 saepe
1230 2031 1417 2085 aciem
1444 2029 1629 2107 clipeo
1658 2029 1789 2086 texi.
1880 2029 2113 2106 'rm-pil.
2141 2030 2460 2107 Demiurgo
2475 2047 2496 2087 z

352 2113 494 2189 quia
523 2132 641 2168 non
669 2115 866 2169 minu-⁹
890 2135 983 2170 res
1005 2113 1298 2169 hominem
1321 2135 1501 2191 quam
1526 2124 1760 2170 scutum
1786 2114 1947 2191 tcgit.
2005 2122 2203 2169 wetus
2240 2115 2495 2172 comicus
2563 2175 2568 2176 ⁷

348 2194 507 2272 apud
542 2192 873 2254 Chal-isium
898 2195 970 2270 4,
1011 2198 1161 2254 forte
1189 2200 1514 2256 Pacuvius:
1556 2197 1686 2254 vidi
1720 2205 2000 2275 tegentem
2034 2195 2216 2274 clipeo
2249 2196 2494 2254 classem

346 2281 655 2335 Doricam.
760 2279 1117 2337 Claudianus
1154 2277 1228 2337 de
1262 2280 1421 2339 bello
1463 2283 1632 2339 Gen:
1679 2293 1915 2359 patrem
1960 2278 2162 2357 clupeis
2202 2280 2495 2357 defendite

362 2361 606 2419 Tibrim.
695 2371 754 2419 et
788 2361 860 2419 de
893 2363 1050 2420 bello
1082 2362 1348 2420 Gnaeum
1393 2364 1595 2443 clipeis
1634 2375 1807 2422 tectos
1838 2364 2142 2444 galeisque
2182 2369 2484 2422 micante-e.

350 2442 424 2502 de
451 2444 614 2504 laud.
644 2445 874 2505 Stilich.
901 2450 974 2509 3:
1011 2450 1272 2526 protegis·
1292 2447 1450 2504 hanc
1473 2449 1679 2526 οόῲεο.
1725 2450 1878 2506 infra
1901 2446 2000 2505 hic
2027 2453 2167 2512 373.
2209 2449 2488 2511 Dmss’soe.

510 2545 679 2612 241.-
738 2545 880 2607 hinc
903 2557 1274 2627 protegentes
1300 2549 1483 2607 armis
1498 2550 1681 2606 latera
1705 2549 1983 2628 principis
2012 2551 2320 2627 stipatores
2346 2546 2489 2607 dicti

322 2642 720 2711 protectores.
801 2633 845 2690 l.
886 2636 924 2695 9
967 2635 1033 2691 C.
1076 2630 1309 2690 Theod.
1354 2631 1427 2690 de
1470 2644 1712 2712 protect.
1746 2644 1806 2691 et
1834 2631 2118 2707 domest.‚
2172 2634 2215 2691 l.
2247 2638 2286 2696 6
2319 2634 2383 2691 C.
2414 2632 2491 2690 de

343 2715 552 2774 advoc.
594 2715 809 2775 divers.
842 2715 1060 2791 iudic.‚
1104 2714 1366 2775 Cassiod.
1403 2721 1474 2779 11
1510 2735 1604 2794 ep.
1631 2721 1733 2780 31.
1813 2717 2004 2775 multa
2055 2736 2230 2794 super
2267 2714 2382 2776 hac
2422 2738 2489 2775 re

344 2803 794 2859 communicavit
838 2820 1072 2858 mecum
1105 2802 1494 2858 amicissimus
1518 2801 1848 2876 Mamilius,
1893 2819 2043 2880 quae
2066 2799 2218 2857 nihil
2244 2821 2487 2860 necesse
2601 2836 2605 2845 ι

343 2882 445 2942 hic
488 2887 688 2943 inseri.
770 2885 992 2973 mentio
1014 2886 1062 2943 1.
1093 2888 1172 2950 10
1199 2885 1266 2944 C.
1292 2883 1365 2943 de
1392 2887 1664 2962 metatisff
1698 2895 1757 2943 et
1794 2884 1957 2948 aubi.
2037 2903 2213 2964 supra
2253 2887 2292 2948 3
2341 2887 2484 2949 162.

336 2971 618 3029 Duas-r.

503 3067 649 3133 244.
733 3071 818 3128 sic
855 3089 1029 3147 supra
1068 3091 1127 3128 v.
1162 3068 1280 3135 124
1299 3087 1318 3126 τ
1361 3069 1567 3127 trabea
1603 3073 1958 3141 succinctus,
1998 3071 2103 3128 vel·
2138 3089 2257 3129 uno
2301 3070 2481 3128 verbo

339 3152 664 3225 trabeatus,
707 3173 823 3234 quo
846 3157 1029 3212 utitur
1050 3157 1218 3212 initio
1245 3152 1421 3212 huius
1446 3155 1583 3212 libri
1608 3177 1669 3215 v.
1700 3161 1776 3220 10
1801 3166 1858 3213 et
1884 3154 2041 3213 infra
2064 3173 2121 3211 v.
2149 3157 2251 3218 81.
2293 3154 2476 3215 Βητ.

501 3254 644 3319 245.
715 3257 946 3333 potens]
974 3255 1168 3333 placet
1193 3257 1523 3312 coniectura
1545 3256 1991 3334 Ruiziipatens5
2030 3262 2096 3311 ut
2122 3255 2200 3312 sit
2221 3265 2481 3326 exstans,

224 3384 231 3389 -
330 3341 695 3416 prominens,
735 3339 1041 3396 sublimior
1064 3340 1281 3396 ceteris.
1366 3341 1550 3396 liu-T.

504 3439 646 3500 257.
720 3451 1037 3518 postquam
1067 3459 1179 3497 sua
1207 3449 1357 3497 tecta
1384 3438 1736 3516 videndum]
1781 3440 1863 3495 ita
1887 3434 2143 3516 'quidem
2169 3437 2388 3514 legitur
2414 3437 2508 3503 in„

336 3541 461 3596 ms,
502 3519 608 3579 sed
636 3522 797 3602 quod
824 3523 1138 3581 videndum
1159 3525 1217 3579 iu
1244 3520 1359 3581 hoc
1391 3543 1596 3598 versu,
1647 3524 1878 3580 etiamsi
1906 3540 2160 3598 congrue
2187 3521 2474 3595 fortassis,

336 3607 667 3685 suspicione
695 3618 892 3665 tamen
922 3598 1117 3687 aliqua
1147 3606 1303 3686 apud
1326 3626 1423 3665 me
1446 3626 1568 3665 non
1596 3616 1807 3665 careat.
1887 3606 2069 3662 Rmz.

498 3705 582 3765 ib.
671 3709 900 3766 correxi
940 3707 1229 3779 videnda,
1261 3718 1329 3765 ut
1359 3717 1578 3766 constet
1605 3705 1841 3784 Corippi
1867 3704 2191 3777 sententia,
2227 3703 2370 3782 qui,
2406 3711 2476 3760 ut

331 3801 521 3853 metro
544 3794 821 3851 inserviat
838 3835 855 3865 ,
898 3793 1191 3870 implicate
1223 3791 1519 3850 interdum
1538 3794 1800 3871 loquitur
1824 3798 1884 3846 et
1909 3790 2185 3859 obscum
2213 3788 2301 3847 fit.
2355 3789 2472 3844 ita-

334 3896 451 3954 que
478 3874 731 3934 hirundo
766 3896 845 3934 ex
878 3878 1039 3953 Virg.
1070 3878 1280 3953 Georg.
1307 3876 1347 3938 4
1390 3880 1510 3941 307
1536 3874 1792 3954 garrula
1819 3872 2061 3945 dicitur,
2106 3873 2243 3951 quia
2271 3869 2347 3928 ad
2371 3873 2471 3927 ni-

336 3960 511 4034 dum,
566 3980 745 4040 quem
788 3970 1077 4023 tectorum
1124 3962 1302 4037 tignis
1347 3959 1703 4038 suspendere
1744 3958 1929 4029 solet,
1990 3958 2254 4034 garriens
2298 3952 2469 4028 redit,

333 4045 419 4099 sic
445 4043 684 4103 studens
711 4044 936 4118 audiri3
981 4055 1038 4102 et
1068 4046 1283 4102 circmn
1311 4046 1562 4102 volitans
1590 4041 1786 4103 studet
1817 4044 1994 4100 etiam
2016 4038 2206 4100 videri
2228 4058 2264 4095 a
2285 4039 2468 4118 pullis

334 4129 455 4184 suis
472 4170 488 4201 ‚
530 4132 687 4186 utin
712 4147 1013 4187 occursum
1043 4130 1280 4186 veniant
1312 4128 1387 4187 ad
1415 4127 1765 4187 sumendum
1792 4126 2007 4183 cibum.
2091 4126 2288 4183 Foco.

494 4228 636 4291 258.
715 4229 1000 4307 gatru-kz]
1045 4229 1118 4287 ob
1153 4229 1567 4309 loquacitatem
1602 4229 1764 4286 illius
1798 4228 1923 4285 avis
1955 4228 2243 4304 ingratam
2260 4223 2464 4278 insua-

331 4328 606 4393 Vss’mque·
652 4314 891 4371 Hom(³¹2
922 4312 1132 4394 Odyss-
1157 4316 1261 4379 21.
1306 4315 1390 4375 sic
1416 4314 1759 4394 exemplum
1779 4312 2007 4371 illustre
2036 4312 2162 4369 eius
2195 4307 2280 4365 rei
2309 4300 2468 4383 apud
