3210 5200
664 374 809 448 154
1590 379 1927 449 CORIPPI
2031 421 2034 425 <

660 548 784 609 360
824 545 1311 625 magnanimIque
1340 542 1521 605 duces
1549 543 1829 605 humecto
1854 557 2091 626 pectore
2119 549 2290 609 fletus
2342 602 2348 608 .

829 647 907 705 ad
937 649 1169 705 caelum
1199 649 1415 705 misere
1441 668 1611 723 suos,
1653 650 1956 730 fortesque
1982 650 2222 725 tribuni,

830 761 1011 829 atque
1044 769 1251 808 omnes
1278 752 1498 828 pariter
1524 752 1836 810 lacrimosa
1863 773 2005 811 voce
2033 750 2304 812 cohortes

826 864 963 910 ante
994 849 1173 909 deum
1205 850 1412 909 fudere
1436 872 1663 931 preces.
1750 874 2136 935 summusque
2166 851 2441 913 sacerdos

822 974 1069 1012 munera
1099 973 1203 1032 pro
1233 955 1505 1032 populis,
1549 974 1802 1013 onerans
1836 957 2055 1032 altare,
2099 958 2332 1031 Latinis

654 1055 778 1121 365
823 1057 1066 1129 obtulit,
1112 1066 1289 1135 atque
1315 1076 1448 1114 aras
1470 1055 1850 1115 lacrimarum
1875 1059 2038 1117 fonte
2063 1061 2298 1137 rigavit.

820 1170 965 1217 tunc
985 1158 1258 1236 precibus
1280 1156 1530 1236 placidis
1552 1173 1787 1238 patrem
1812 1159 2123 1219 benedixit
2149 1159 2471 1232 honorans,

823 1272 883 1319 et
913 1261 1115 1319 solitas
1143 1257 1399 1317 reddens
1427 1258 1660 1319 Christo
1688 1260 1854 1320 dedit
1874 1261 2083 1321 ordine
2108 1260 2337 1321 laudes.

818 1381 1043 1421 munus
1067 1374 1191 1421 erat
1219 1364 1442 1420 summi
1466 1360 1711 1423 domino
1741 1365 2100 1443 acceptabile
2128 1366 2297 1439 caeli,

820 1465 1192 1524 sanctificans
1220 1463 1640 1545 mandansque
1664 1468 1848 1525 simul
1881 1485 2067 1545 genus
2102 1487 2279 1526 omne
2306 1464 2608 1523 Latinum.

652 1570 779 1631 370
819 1566 1151 1645 adiungens
1177 1565 1424 1626 ducibus
1456 1559 1667 1627 “fortis
1699 1563 2074 1628 Putzintule”
2119 1567 2292 1643 dixit,

810 1660 989 1726 “cum
1019 1671 1285 1729 numeris
1313 1672 1621 1750 signisque
1653 1674 1772 1729 tuis
1791 1714 1807 1745 ,
1851 1690 1969 1751 qua
2000 1673 2220 1730 Cusina
2249 1668 2403 1729 fidus

815 1772 987 1847 signa
1023 1781 1216 1844 tenet,
1264 1790 1536 1850 propera.
1622 1775 1847 1850 pariter
1876 1783 1975 1846 tu,
2021 1771 2312 1830 Geisirich
2341 1774 2574 1849 ingens,

816 1872 998 1949 iunge
1026 1874 1153 1930 viro
1183 1875 1412 1931 socios:
1458 1871 1709 1952 dignum
1739 1875 2002 1932 relevare
2036 1871 2265 1931 fideles.

814 1983 875 2030 at
899 1982 966 2031 tu
988 2017 1004 2047 ,
1050 1975 1382 2032 Gontractis
1402 2018 1418 2048 ,
1463 1975 1751 2032 iuvenum
1777 1971 1987 2035 modos
2017 1972 2265 2033 induitis
2295 1974 2498 2049 armis,

640 2073 764 2139 875
804 2075 973 2133 sortis
999 2074 1266 2135 lfisdaias
1292 2077 1395 2133 ubi
1422 2088 1665 2155 gentem
1691 2086 1749 2134 et
1773 2078 1944 2153 sigua
1971 2077 2197 2151 locarit,

805 2178 1104 2237 Romanas
1132 2180 1422 2258 coniunge
1446 2180 1625 2237 acies.
1710 2179 1820 2236 tibi
1855 2180 2166 2256 proximus
2202 2178 2305 2236 ille

806 2278 1161 2338 Fronimuth
1186 2301 1322 2340 acer
1354 2284 1494 2357 erit,
1545 2299 1946 2361 numerosque
1974 2282 2236 2358 et‘sigua
2267 2274 2560 2340 iuvabit.”

804 2380 1058 2459 imperat
1084 2384 1188 2442 iue
1216 2387 1398 2443 viris:
1446 2395 1505 2447 et
1534 2386 1692 2458 iam,
1732 2403 1840 2442 sua
1869 2384 2122 2463 quisque
2149 2393 2389 2442 secutus

798 2485 1000 2561 signa,
1044 2506 1154 2564 per
1187 2497 1468 2545 extensos
1492 2489 1651 2544 acies
1679 2495 2088 2544 construxerat
2120 2503 2295 2563 agros

627 2587 752 2650 880
790 2588 999 2664 miles,
1042 2600 1100 2648 et
1131 2587 1381 2650 hostiles
1412 2589 1808 2670 properabant
1832 2585 2099 2668 undique
2123 2596 2379 2646 turmae.

791 2694 1105 2772 primaque
1135 2691 1566 2752 Marmaridum
1593 2694 1863 2771 clipeatis
1890 2693 2130 2769 agmina
2158 2692 2384 2768 campis

792 2812 931 2850 cum
963 2813 1182 2871 magno
1213 2796 1472 2853 clamore
1499 2805 1709 2868 ruunt,
1752 2791 2071 2872 hastasque
2101 2789 2359 2850 reductis

791 2896 1028 2952 mittere
1052 2906 1347 2954 tentantes
1378 2896 1612 2953 vibrant
1642 2896 1706 2952 in
1738 2895 1897 2952 bella
1924 2894 2184 2951 lacertis.

795 2997 1028 3056 Zaboas
1059 2996 1233 3073 hinc,
1280 2997 1419 3056 hinc
1448 3000 1672 3055 Bruten
1703 3004 1864 3070 erat3
1911 3014 2061 3076 quos
2090 2993 2307 3053 deinde
2332 3000 2517 3056 secuti

628 3096 751 3161 385
792 3099 959 3156 mille
991 3097 1191 3159 duces.
1279 3101 1506 3157 celsum
1535 3099 1859 3157 subtexens
1885 3099 2092 3157 lancea
2121 3099 2354 3159 caelum

794 3199 977 3259 densa
1010 3203 1204 3260 volat:
1249 3202 1460 3280 clipeis
1484 3202 1784 3260 venientia
1814 3200 2059 3258 vulnera
2087 3202 2297 3259 vitant.

789 3305 997 3362 militis
1032 3324 1135 3362 ora
1163 3314 1412 3383 gemunt
1436 3305 1592 3361 iuter
1624 3314 1708 3362 tot
1736 3304 1858 3360 tela
1889 3284 2213 3362 furentum.

788 3409 1057 3465 Romano
1085 3408 1322 3465 nulium
1351 3408 1718 3464 maculatum
1741 3416 1831 3463 est
1855 3408 2146 3484 sanguine
2170 3406 2417 3464 fernim.

870 3511 1107 3569 Primus
1133 3513 1244 3568 init
1272 3513 1526 3569 Martem
1559 3508 1917 3567 fortissimus
1945 3511 2072 3587 ipse
2097 3505 2414 3581 Iohannes,

618 3616 743 3678 390
785 3610 1019 3670 hastam
1047 3616 1424 3688 concutiens3
1467 3609 1822 3692 mediosque
1848 3612 2124 3688 irrumpit
2147 3611 2212 3667 iu
2237 3607 2459 3684 hostes,

783 3727 842 3775 et
873 3716 1009 3774 ferit
1037 3714 1272 3774 adversi
1303 3726 1473 3773 conto
1504 3735 1648 3772 cava
1675 3723 1914 3793 pectora
1940 3711 2115 3800 Sasfi.

775 3819 878 3875 ille
910 3815 1067 3875 cadit
1101 3819 1404 3876 revolutus
1435 3837 1589 3898 equo
1608 3862 1625 3892 ‚
1669 3818 2035 3894 fluviumque
2064 3813 2286 3871 cruoris

778 3918 881 3977 dat
910 3939 1121 3999 specus
1147 3922 1441 3998 irruptum
1457 3964 1475 3994 ,
1520 3922 1823 4000 siccasque
1846 3913 2110 3976 iufundit
2132 3932 2361 3972 arenas.

773 4025 1042 4102 protinus
1069 4021 1306 4079 Ifnaten
1330 4023 1598 4101 sequitur
1615 4064 1632 4096 ,
1679 4041 1861 4102 quem
1890 4014 2132 4096 cuspide
2163 4016 2344 4092 longa

603 4210 709 4263 370
761 4206 1068 4274 adiungens]
1130 4204 1372 4275 magister
1415 4202 1490 4255 Μ.
1572 4203 1816 4257 addicto
1863 4202 2072 4255 videtur
2120 4215 2296 4255 omns
2344 4216 2479 4252 omns
2529 4204 2580 4250 et
2633 4199 2792 4251 alter.

599 4280 868 4413 {2¹1¹qu
905 4274 1050 4345 apud
1082 4275 1141 4330 M
1351 4274 1455 4330 374
1504 4274 1657 4327 modo
1695 4272 1879 4326 ductus
1907 4273 1960 4325 in
1995 4272 2055 4326 M
2267 4268 2372 4324 375
2417 4279 2601 4338 gentes
2637 4276 2691 4320 et
2728 4269 2797 4333 T,
