3210 5200
1006 392 1533 464 IOHANMDOS
1583 394 1742 462 LIB.
1789 393 1939 463 vn.
2423 394 2564 464 153

551 562 679 621 dux
704 562 807 621 ubi
836 560 1112 621 distensis
1142 560 1351 621 habuit
1373 563 1628 622 tentoria
1651 563 1823 637 velis,

382 664 507 731 825
548 668 711 724 visus
741 686 877 723 cum
901 668 1111 744 primis
1136 666 1334 724 media
1361 668 1517 724 inter
1547 674 1736 724 castra
1763 661 2079 722 Iohannes.

552 764 651 825 hic
675 785 965 845 magnum
989 771 1195 826 statuit
1222 770 1428 827 velans
1455 771 1641 825 altare
1669 764 1963 841 sacerdos,

550 880 613 928 et
641 870 814 928 solito
839 871 1021 928 sacris
1050 867 1436 928 circumdedit
1462 868 1729 948 undique
1754 869 1970 948 peplis,

551 990 718 1029 more
747 981 1019 1050 patrum3
1056 973 1488 1052 instituuntque
1520 969 1733 1030 choros
1765 981 1824 1028 et
1854 968 2050 1027 dulcia
2086 970 2348 1047 psalltmt

552 1075 812 1130 carmina
841 1069 1123 1131 deflentes
1150 1071 1364 1132 humili
1394 1092 1531 1131 cnm
1556 1093 1703 1131 voce
1730 1073 2024 1149 magistri.

382 1175 510 1238 330
552 1184 642 1231 ast
672 1175 774 1231 ubi
802 1178 1013 1232 sacrati
1042 1179 1239 1253 tetigit
1270 1175 1398 1234 dux
1422 1177 1633 1233 limina
1656 1175 1868 1252 templi

551 1275 890 1353 ingrediens
907 1320 923 1351 ,
967 1280 1224 1353 gemitus
1250 1279 1454 1357 populi
1482 1297 1693 1358 rupere
1725 1274 2015 1333 dolentes.

551 1377 780 1436 lumina
810 1376 1180 1437 confundunt
1210 1381 1471 1439 lacrimis
1491 1399 1511 1438 τ
1550 1399 1674 1439 vox
1706 1376 1974 1458 undique
2005 1374 2200 1433 caelos

551 1481 780 1559 pulsat,
826 1472 897 1538 et'
914 1482 1165 1540 infensis
1192 1491 1279 1541 tot
1305 1485 1540 1542 conscia
1566 1492 1805 1561 pectora
1833 1480 2053 1559 pugnis

552 1586 910 1661 percutiunt.
985 1575 1245 1642 “delicta
1272 1595 1511 1665 patrmu
1542 1584 1809 1657 dimitte,
1855 1597 2155 1658 rogamus,

382 1682 508 1748 385
550 1697 902 1766 nostraque,
949 1679 1226 1745 Christe''
1265 1694 1548 1766 gemunt,
1596 1696 1654 1745 et
1682 1686 1867 1744 tensis
1896 1680 2135 1740 aethera
2161 1681 2379 1759 palmis

550 1790 913 1866 suspiciunt,
960 1786 1307 1870 dominique
1338 1790 1452 1849 sibi
1486 1791 1695 1849 solatia
1727 1795 2001 1868 poscunt.

549 1890 679 1970 ipse
708 1893 863 1949 inter
885 1894 1110 1971 primos
1127 1937 1144 1967 ,
1189 1893 1557 1974 genibusque
1584 1903 1644 1950 et
1675 1909 1916 1969 corpore
1948 1888 2131 1961 flexo,

552 2012 661 2072 pro
687 1995 909 2073 populo
937 2014 1192 2054 exorans
1218 2005 1417 2055 motus
1448 1997 1668 2075 pietate
1707 1990 2005 2052 Iohannes

549 2113 632 2153 ex
660 2096 846 2155 oculis
878 2098 1153 2156 lacrimas
1182 2096 1470 2157 fundebat
1505 2097 1765 2155 fluminis
1795 2096 2001 2165 instar,

380 2191 512 2261 840
549 2199 1007 2280 percutiensque
1040 2219 1217 2258 suum
1243 2204 1543 2280 geminato
1570 2198 1816 2257 verbere
1840 2204 2047 2275 pectus

552 2301 695 2358 talia
723 2320 870 2359 voce
900 2312 1091 2381 rogat.
1167 2294 1417 2360 “muudi
1450 2313 1640 2377 sator,
1684 2302 1858 2358 unica
1889 2314 2087 2354 rerum

550 2403 673 2461 vita
701 2404 1008 2484 salusque,
1057 2402 1204 2463 deus
1224 2449 1241 2481 ,
1283 2415 1476 2464 terrae
1500 2406 1682 2462 maris
1712 2397 1969 2459 aetheris
1996 2406 2198 2454 auctor

552 2507 925 2585 omnipotens
942 2550 960 2582 ,
1004 2507 1239 2565 caelum
1271 2518 1329 2566 et
1356 2518 1580 2565 terram
1609 2504 1923 2564 virtutibus
1954 2500 2210 2579 implens

552 2606 1037 2690 undivagumque
1069 2611 1294 2685 salum,
1338 2610 1437 2667 vel
1466 2607 1753 2689 quicquid
1779 2608 2034 2683 cingitur
2060 2602 2223 2675 orbe,

380 2705 509 2773 345
553 2716 807 2790 ueraque
841 2723 900 2770 et
926 2724 1149 2770 tetrum
1176 2713 1383 2792 populi
1414 2713 1692 2791 pallentis
1721 2703 2046 2780 Avernum,

550 2815 868 2893 imperium
893 2824 961 2871 tu
990 2814 1153 2872 solus
1180 2812 1393 2888 habes3
1438 2815 1547 2872 tibi
1577 2832 1810 2873 summa
1845 2819 2104 2891 potestas

550 2926 610 2974 et
635 2916 767 2974 laus
794 2925 853 2972 et
876 2934 1126 2993 regnum
1155 2935 1529 2998 magnaeque
1555 2919 1821 2998 potentia
1850 2913 2120 2972 dextrae.

549 3019 775 3097 respice
798 3020 921 3075 iam
943 3015 1191 3076 tandem
1217 3020 1518 3079 Romanos
1534 3066 1550 3096 ,
1596 3021 1822 3099 respice
1843 3063 1858 3092 ,
1903 3035 2158 3087 summe,

552 3130 730 3200 atque
758 3123 894 3198 pius
924 3138 1197 3178 succurre
1219 3166 1234 3195 ‚
1278 3133 1483 3200 pater3
1529 3134 1857 3202 gentesque
1886 3119 2172 3198 superbas

379 3221 508 3287 850
548 3223 790 3299 frange,
833 3242 1070 3301 precor,
1111 3226 1330 3282 virtute
1362 3234 1498 3298 ωας
1549 3223 1975 3303 dominumque
2012 3228 2314 3300 potentem

549 3333 608 3382 te
637 3323 837 3383 solum
862 3335 1186 3402 agnoscant
1213 3327 1454 3403 populi,
1501 3323 1645 3382 dum
1676 3330 1927 3384 conteris
1955 3324 2157 3382 hostes

551 3436 614 3484 et
639 3427 835 3485 salvas
863 3445 972 3504 per
993 3426 1158 3484 bella
1180 3435 1338 3485 tuos.
1420 3446 1581 3485 nuuc
1611 3429 1886 3508 sculptile
1913 3427 2157 3486 damnat

552 3548 726 3585 omne
761 3547 981 3606 genus,
1025 3548 1354 3609 verumque
1387 3526 1570 3587 deum
1596 3539 1690 3604 te,
1734 3548 1984 3607 magne,
2029 3519 2344 3586 fatemur.”

550 3625 700 3687 haec
724 3649 1063 3689 memorans
1085 3641 1273 3693 terras
1305 3635 1613 3693 oculorum
1641 3634 1805 3691 fonte
1837 3631 2085 3709 rigabat,

381 3727 509 3796 355
553 3733 891 3809 compulsus
916 3736 1135 3813 pietate
1159 3746 1355 3814 pater,
1400 3737 1744 3816 Libyaeque
1771 3717 2064 3815 periclum

549 3844 751 3890 mente
782 3833 990 3895 dolens
1022 3855 1337 3917 rerumque
1364 3857 1572 3915 graves
1600 3839 1925 3918 populique
1953 3838 2205 3901 labores.

548 3955 659 3993 nec
684 3939 882 3996 minus
909 3935 1261 3997 humectans
1288 3942 1458 3997 iuxta
1485 3942 1830 4001 RecInarius
1863 3962 1963 4001 ora

549 4037 874 4097 luminibus
903 4040 1193 4098 fimdebat
1224 4061 1443 4121 aquas,
1494 4046 1872 4125 supplexque
1902 4047 2131 4104 Latinis

550 4143 844 4200 auxilium
868 4145 1106 4223 populis
1133 4145 1306 4202 vultu
1334 4158 1637 4203 maerente
1666 4149 1940 4228 rogabat3

375 4287 488 4341 325
523 4287 627 4342 uisa
657 4293 707 4343 Τ
887 4293 992 4348 527
1025 4294 1214 4346 solite?
1398 4296 1502 4350 336
1536 4296 1820 4369 suscipiunt
1844 4300 1895 4354 Τ
2058 4299 2161 4355 357
2196 4298 2486 4352 humectatis
2512 4300 2573 4368 T,

376 4359 629 4413 humectis
652 4361 713 4415 M
918 4364 1045 4417 ibid.
1083 4379 1235 4416 orans
1256 4365 1332 4417 M.
