3210 5200
933 404 1068 508 *DE
1117 403 1530 471 LAUDIBUS
1579 403 1913 471 rusum.
2378 400 2524 472 403

343 570 693 649 margaritae
736 577 896 626 suut.
983 564 1378 628 Claudianus:
1424 579 1479 626 et
1504 570 1691 627 variis
1715 570 1881 625 vivat
1902 567 2124 624 Nereia
2153 566 2524 648 baceafigu-

343 659 445 713 ris.
533 653 891 713 texebantur
930 658 1092 712 enim
1129 655 1482 731 margaritae
1529 675 1597 712 eo
1633 653 1841 712 ordine
1872 662 1938 711 ut
1963 653 2164 710 vultus
2186 652 2523 734 figurasque

341 742 668 799 viventium
693 738 999 796 referrent.
1037 739 1284 796 Bsnrn.
1370 740 1696 818 stramina]
1741 741 1829 798 sic
1855 747 2049 796 vestes
2077 737 2382 816 stragulae
2409 758 2521 817 ap-

342 825 556 904 pellat,
625 844 704 881 ne
761 825 897 903 quis
947 823 1229 882 stramina
1278 842 1359 881 ex
1407 825 1621 882 culmis
1676 826 2028 881 rusticorum
2070 820 2169 878 hic
2213 821 2516 882 exaudiat.

340 912 526 968 Rrrr.

396 1037 399 1038 ν
515 992 614 1054 14.
698 993 763 1049 in
783 1010 877 1049 ms
905 990 1174 1049 humana
1201 1001 1260 1049 et
1286 1011 1408 1049 non
1438 993 1723 1049 Romana
1751 992 1884 1049 fuit.
1928 995 2110 1050 Rmz.
2198 993 2516 1072 Romana]

340 1078 609 1135 humana
641 1086 811 1133 antea
840 1076 1032 1134 fuerat
1057 1077 1277 1134 lectum
1301 1077 1480 1135 male.
1553 1076 1766 1155 virgil.
1789 1080 1942 1135 Aen.
1976 1079 2050 1139 8:
2094 1075 2380 1135 Romana
2398 1099 2518 1155 po-

342 1162 526 1220 tentia
558 1161 719 1218 caelo
746 1163 1045 1239 aequavit.
1136 1162 1415 1220 Dtm’s'r.
1940 1158 1948 1170 ⁸

509 1246 606 1309 15.
690 1241 939 1302 Nereus.
1030 1246 1234 1303 confer
1278 1256 1471 1304 totum
1515 1243 1678 1303 hunc
1717 1243 1793 1303 de
1835 1245 2089 1323 gemmis
2128 1246 2331 1302 locum
2380 1265 2550 1304 cums

339 1328 664 1389 Claudiano
701 1328 774 1387 de
812 1327 852 1392 4
881 1348 1042 1387 cons.
1076 1329 1272 1388 Hom:
1317 1342 1375 1387 et
1415 1331 1602 1389 variis
1643 1331 1837 1407 spirat
1865 1329 2089 1387 Nereia
2124 1328 2274 1387 baca
2283 1329 2517 1409 figam

340 1426 449 1473 etc.
535 1429 657 1473 non
701 1412 886 1471 bacca
898 1456 923 1483 ,
983 1423 1050 1472 ut
1097 1425 1271 1472 antea
1313 1416 1378 1472 in
1417 1415 1692 1473 omnibus
1734 1416 1971 1473 excusis
2015 1414 2344 1492 legebatur.
2429 1418 2514 1474 ibi

340 1499 514 1558 docui
555 1499 688 1557 fuse
727 1518 808 1556 ex
852 1498 987 1557 aliis
1031 1499 1444 1579 scriptoribus,
1487 1501 1629 1558 licet
1677 1519 1771 1559 ms
1812 1519 1985 1558 meus
2017 1498 2376 1558 contradicat
2393 1543 2410 1575 ,
2455 1510 2514 1559 et

336 1587 597 1646 Venetus
619 1585 1082 1664 antiquissimus.
1165 1586 1450 1644 Dtmsr.

504 1667 586 1725 ib.
677 1668 911 1726 Indica.
1000 1669 1158 1726 Plin.
1188 1672 1269 1733 37
1315 1674 1427 1734 13:
1465 1667 1811 1748 gemmiferi
1826 1688 2033 1725 amnes
2052 1680 2192 1726 sunt
2215 1669 2514 1728 Acesinus

337 1765 396 1810 et
442 1753 712 1830 Ganges,
755 1762 1046 1810 terrarum
1085 1762 1286 1811 autem
1324 1758 1592 1812 omnium
1628 1754 1885 1810 maxime
1915 1752 2118 1810 India.
2208 1755 2513 1814 nobilissi-

335 1857 472 1896 mae
502 1847 702 1895 autem
727 1855 1028 1914 gemmae,
1068 1856 1216 1917 quas
1246 1837 1450 1896 Indica
1487 1840 1652 1916 regio
1683 1837 1832 1911 fert,
1875 1836 2159 1908 adamas,
2199 1838 2512 1915 ᾤ’σΙιηίίσε,

336 1921 597 2000 beryllus
608 1965 636 1994 ,
680 1919 1124 2000 chrysoberyllis
1137 1965 1163 1993 ,
1207 1923 1659 2002 chrysoprasos,
1701 1921 2081 1999 hyacinthus·
2171 1923 2361 1982 Solin.
2408 1926 2510 1990 55.

333 2010 621 2066 Priscian.
653 2009 717 2064 in
746 2009 1012 2086 perieg.:
1055 2006 1202 2065 haec
1241 2008 1446 2066 eadem
1476 2008 1734 2086 gemmis
1768 2007 2023 2063 nimium
2064 2006 2375 2065 decoratur
2402 2008 2513 2067 lio·

332 2094 530 2152 neatis.
621 2090 830 2151 Claud.
859 2109 1073 2171 snpra:
1116 2103 1354 2169 asperat
1393 2093 1586 2151 Indus
1627 2091 1963 2148 velamenta
1996 2090 2175 2168 lapis.
2266 2091 2420 2151 adde
2454 2104 2512 2152 et

328 2179 392 2236 in
434 2180 703 2236 tentoriis
738 2177 1094 2235 militaribus
1133 2197 1420 2254 gemmas.
1508 2174 1819 2236 Claudian.
1866 2174 1940 2233 de
1966 2174 2132 2232 laud.
2164 2175 2400 2236 Stilich.
2438 2181 2508 2240 1:

326 2262 428 2321 hic
459 2271 766 2341 gemmata
791 2263 961 2338 niger
990 2261 1475 2334 tentoriascxerat
1499 2262 1711 2319 Indus.
1803 2262 2085 2319 Denter.

504 2352 601 2409 17.
686 2355 828 2404 nota
864 2343 1111 2402 historia
1156 2365 1235 2402 ex
1270 2345 1589 2405 Plutarcho
1619 2349 1684 2402 in
1712 2346 1994 2404 Antonio.
2042 2356 2052 2366 “
2079 2346 2295 2422 ingens
2321 2363 2510 2425 appa·-

330 2440 493 2489 ratus
533 2449 905 2508 gemmarum
943 2439 1034 2488 est
1068 2447 1148 2486 ex
1170 2431 1413 2488 Lucano
1443 2433 1519 2493 10
1549 2428 1880 2508 petendus:
1914 2429 2106 2506 piena
2132 2429 2317 2486 maris
2340 2428 2514 2487 rubri

327 2514 565 2593 spoliis,
607 2513 871 2593 colloque
911 2515 1204 2593 comisque
1237 2514 1485 2572 divitias
1533 2515 1848 2592 Cleopatra
1877 2517 2061 2593 gerit,
2107 2513 2389 2592 cultuque
2416 2515 2516 2573 la-

332 2599 522 2659 horat.
611 2598 831 2658 nobilis
872 2599 980 2657 illa
1016 2602 1255 2678 sponsio
1280 2598 1355 2658 de
1386 2597 1616 2660 duobus
1641 2600 1990 2677 unionibus,
2036 2619 2288 2681 quorum
2321 2620 2509 2659 unum

332 2685 629 2763 exsorpsit
660 2686 847 2763 pretio
882 2687 1101 2743 centies
1133 2686 1500 2759 sestertium,
1548 2687 1801 2743 alterum
1836 2688 2018 2744 etiam
2044 2696 2211 2743 aceto
2240 2704 2508 2744 macera·-

329 2779 461 2829 tum
490 2777 925 2846 consumptura,
965 2771 1081 2827 nisi
1107 2771 1362 2828 Plancus
1387 2768 1576 2829 iudex
1602 2771 1944 2830 obstitisset.
2029 2769 2332 2830 Saresber.
2363 2773 2403 2834 8
2445 2776 2506 2844 7,

329 2853 666 2912 Macrobius
693 2854 888 2913 Satur.
921 2857 960 2917 3
1007 2854 1087 2919 17
1109 2854 1257 2927 fine,
1304 2865 1363 2913 et
1382 2855 1488 2912 ille
1515 2875 1596 2914 ex
1618 2857 1815 2914 Plinio
1849 2858 1887 2917 9
1932 2856 2046 2931 35,
2091 2866 2158 2913 ut
2181 2874 2303 2913 non
2328 2856 2509 2914 omit-

329 2948 456 2999 tam
502 2937 812 2998 dissentire
857 2938 929 2996 ab
976 2940 1051 2998 iis
1094 2940 1397 2998 Catullum
1444 2961 1539 3021 ep.
1586 2944 1704 3006 27:
1749 2940 2048 2998 ducenties
2088 2950 2363 2999 comesset
2399 2952 2512 2998 aut

326 3026 637 3083 tar-icenties.
724 3025 1006 3082 Demsr.

502 3111 603 3171 18.
669 3109 993 3188 frangeret
1018 3120 1072 3167 et
1098 3121 1296 3187 rupto.
1387 3128 1567 3189 super
1603 3107 1856 3169 historia
1891 3110 2206 3168 variatum.
2295 3110 2510 3167 Caesar

330 3194 596 3252 civilium
629 3196 666 3256 8
714 3196 791 3256 19
832 3194 993 3253 bello
1033 3197 1347 3275 expulsam
1384 3215 1419 3253 a
1457 3196 1803 3254 Ptolemaeo
1846 3195 2027 3252 fratre
2066 3194 2301 3267 scribit,
2359 3212 2505 3251 con-

330 3280 621 3337 sentiente
659 3277 975 3337 Plutarcho
1023 3282 1088 3338 in
1127 3281 1378 3338 Caesare
1398 3322 1414 3353 ‚
1461 3281 1566 3358 qui
1605 3277 1771 3336 addit
1813 3298 1848 3335 a
1886 3276 2142 3338 Photino
2186 3280 2348 3357 regia
2380 3278 2505 3335 eie—

333 3373 509 3420 ctam.
594 3373 733 3421 sunt
779 3363 993 3442 quibus
1040 3367 1273 3443 placeat
1309 3383 1434 3421 non
1474 3361 1656 3420 modo
1688 3382 1722 3419 a
1752 3381 1934 3439 regno
1953 3364 2266 3441 fugatam,
2309 3360 2419 3421 sed
2447 3373 2506 3421 et

331 3448 397 3504 in
425 3466 719 3503 carcerem
747 3445 1064 3524 detrusam,
1094 3447 1235 3507 inde
1267 3449 1552 3525 corruptis
1583 3443 1924 3504 custodibus
1955 3450 2232 3507 evasisse.
2276 3449 2503 3505 Lucan.

337 3532 448 3604 10,
490 3528 649 3588 unde
682 3530 829 3589 haec
859 3535 1030 3610 petiit
1056 3536 1380 3612 Corippus:
1418 3551 1619 3610 parva
1656 3530 1969 3607 Cleopatra
2000 3531 2209 3590 biremi
2232 3542 2505 3608 corrupto

331 3614 571 3673 custode
609 3615 803 3673 Phari
848 3616 1052 3673 laxare
1094 3630 1352 3677 catenas.
1445 3618 1544 3697 qui
1577 3616 1749 3694 plura
1781 3617 1946 3693 cupis
1960 3660 1977 3690 ,
1991 3634 2006 3649 ⁴
2020 3616 2157 3694 lege
2189 3614 2504 3675 Sidonium

332 3718 513 3757 carm.
547 3701 607 3773 5,
649 3701 893 3759 Sueten.
922 3702 1036 3759 Iul.
1069 3704 1170 3779 35,
1213 3702 1407 3762 Strab.
1443 3706 1538 3775 12,
1583 3701 1884 3759 Saresber.
1916 3706 1955 3764 3
2004 3705 2102 3775 10,
2147 3701 2318 3759 Paul.
2335 3701 2502 3760 Oros.

329 3786 370 3845 6
420 3783 528 3858 14,
574 3794 632 3842 et
667 3791 871 3865 po'etas
894 3789 1136 3866 passim.
1225 3798 1283 3845 et
1324 3786 1398 3845 de
1444 3782 1720 3859 custodia>
1753 3788 1987 3864 egregie
2025 3787 2218 3845 multa
2262 3787 2501 3866 Lipsius

329 3866 407 3924 ad
434 3870 628 3927 Tacit.
657 3872 876 3929 Annal-
901 3876 961 3934 3.
1008 3875 1288 3931 Dznrsr.
1373 3869 1623 3950 pulchre
1649 3869 1956 3930 custodem
1980 3890 2090 3949 pro
2117 3869 2381 3930 custodia
2405 3869 2499 3929 di-

327 3952 423 4008 xit
470 3950 543 4008 de
585 3954 893 4034 Cleopatra
936 3958 1246 4036 corippus.
1329 3954 1439 4014 sed
1489 3968 1737 4033 ruptum
1790 3958 2087 4015 custodem
2132 3957 2499 4015 barbarismo

330 4035 583 4092 solemni
605 4056 714 4115 pro
741 4052 1010 4121 corrupto
1043 4045 1260 4122 posuit.
1305 4102 1313 4115 ,
1347 4043 1630 4119 exprimit
1663 4044 1825 4100 enini
1858 4052 1915 4100 et
1946 4043 2213 4122 sequitur
2238 4043 2347 4101 illa
2370 4042 2498 4099 Lu-

331 4121 484 4175 cani.
526 4122 772 4180 Bul-ru.
855 4126 1133 4185 Barthius
1165 4124 1265 4185 hic
1296 4137 1540 4204 ruptum
1564 4129 1811 4207 exponit
1836 4138 2197 4205 corruptum.
2287 4125 2397 4186 sed
2435 4144 2498 4182 re

329 4221 470 4259 vera
512 4216 702 4263 custos
735 4226 845 4285 pro
883 4202 1151 4269 custodia
1187 4213 1426 4291 ponitur
1442 4256 1459 4286 ,
1516 4231 1699 4292 quam
1739 4215 2074 4291 perrupisse
2123 4215 2499 4291 Cleopatram

328 4289 445 4362 ait,
488 4286 667 4367 idque
695 4290 888 4351 firmat
916 4296 1078 4374 quod
1111 4307 1500 4356 antecesserat
1540 4307 1600 4355 et
1633 4297 1880 4355 vehicula
1898 4298 2125 4378 fratris
2156 4299 2500 4377 frange-

329 4381 458 4429 ret.
550 4375 723 4452 parili
777 4376 957 4437 modo
1011 4384 1263 4460 optimos
1321 4401 1588 4464 quosque
1639 4384 1836 4464 loqui,
1913 4382 2205 4442 dubitabit
2253 4381 2501 4439 arbitror
