3210 5200
594 341 738 412 176
1199 334 1534 403 CORIPPI
1581 333 1698 402 DE
1746 332 2163 399 LAUDIBUS

757 505 1112 564 conveniunt
1140 518 1447 580 proceres:
1490 501 1603 556 lux
1635 517 1799 557 sacra
1829 498 2050 576 palatia
2078 497 2360 575 complet.

760 612 958 687 ipsum
988 607 1134 685 quin
1165 606 1345 661 etiam
1375 602 1768 680 [exanimum]
1799 596 2059 678 gaudere
2083 608 2323 675 putares

595 710 714 778 365
761 727 973 786 corpus
991 752 1008 780 ,
1050 710 1112 763 iu
1144 708 1476 784 angelicam
1501 713 1801 761 mutatum
1831 710 2020 759 morte
2047 699 2323 776 figuram.

765 812 933 886 sigua
969 807 1133 866 dedit
1156 809 1471 866 manifesta
1506 805 1687 878 deus,
1731 823 1915 884 seque
1938 805 2068 881 ipse
2101 802 2369 880 probavit

766 914 989 972 Iustino
1017 912 1241 970 claram
1262 911 1436 989 'regni
1461 908 1815 986 imposuIsse
1845 924 2146 965 coronam.

982 1292 1450 1381 LIBER
1566 1289 2394 1382 SECUNDUS.

771 1477 1066 1581 Roscida
1092 1536 1419 1595 purpureos
1441 1519 1672 1575 Aurora
1697 1512 2034 1574 ostenderat
2063 1524 2247 1588 ortus,

770 1621 1022 1697 imperio
1056 1629 1279 1675 sacrata
1306 1618 1440 1693 dei,
1485 1617 1863 1698 dominisque
1894 1618 2138 1677 iubebat

768 1740 1010 1780 sumere
1038 1738 1384 1777 concessum
1413 1720 1656 1777 caelesti
1683 1739 1930 1777 munere
1958 1739 2232 1797 reguum.

772 1825 901 1901 ipse
931 1830 1130 1878 autem
1154 1840 1464 1898 procerum
1488 1824 1726 1899 magnis
1753 1820 2014 1879 cratibus
2042 1832 2206 1879 actus

691 1927 733 1992 5
770 1944 892 1982 non
923 1925 1188 2001 primum
1211 1922 1448 2000 imperii
1473 1923 1697 2000 regalia
1726 1924 1896 2001 sigua
1926 1926 2170 2000 recepit,

776 2028 923 2106 quin
957 2034 1181 2084 sacrata
1208 2026 1372 2102 prius
1402 2027 1663 2104 supplex
1690 2026 1926 2083 oracula
1949 2043 2199 2102 poscens

776 2125 980 2184 effusis
1004 2125 1279 2204 precibus
1307 2124 1539 2184 Christo
1572 2145 1680 2185 sua
1704 2135 1841 2184 vota
1872 2124 2115 2186 dicaret.

775 2229 937 2286 ilicet
965 2229 1221 2305 angelici
1249 2247 1504 2306 pergens
1532 2230 1595 2285 in
1624 2229 1835 2286 limina
1860 2229 2070 2306 templi

777 2331 1060 2407 imposuit
1082 2331 1181 2407 pia
1209 2338 1339 2387 tura
1369 2330 1518 2389 focis
1544 2349 1826 2410 cerasque
1853 2333 2140 2388 micantes

660 2436 737 2496 10
781 2432 993 2490 obtulit
1012 2474 1030 2504 ‚
1073 2442 1132 2489 et
1159 2433 1419 2510 supplex
1442 2433 1705 2491 lacrimis
1736 2436 1818 2490 ita
1844 2435 2036 2510 coepit
2067 2432 2308 2491 obortis.

773 2525 1190 2613 “omnipotens
1212 2536 1524 2614 princeps,
1572 2536 1792 2593 summi
1821 2543 1990 2614 pater
2015 2536 2219 2593 inclite
2253 2537 2438 2611 verbi,

778 2635 889 2694 lux
917 2647 1156 2693 aeterna
1191 2634 1370 2711 deus,
1414 2656 1614 2694 rerum
1639 2638 1927 2695 formator
1955 2648 2015 2695 et
2046 2649 2268 2714 auctor,

780 2740 949 2796 cuius
977 2738 1333 2796 stelliferum
1363 2739 1507 2796 fecit
1540 2741 1830 2817 sapientia
1859 2740 2114 2816 caelum,

777 2837 1049 2897 fundavit
1073 2848 1325 2913 terram,
1369 2843 1609 2898 vestivit
1639 2842 1880 2900 floribus
1908 2860 2102 2918 agros,

659 2941 738 3007 15
785 2939 1093 2997 arboribus
1121 2941 1327 2998 tribuit
1356 2933 1463 2998 sua
1491 2944 1761 3018 germina
1780 2985 1797 3016 ‚
1841 2943 2097 3002 vallibus
2127 2940 2363 3017 herbas,

780 3052 841 3100 et
871 3041 1022 3097 caeli
1052 3038 1313 3120 liquidos
1340 3042 1656 3102 formatrix
1684 3043 1948 3103 condidit
1969 3047 2140 3124 ignes

784 3142 1124 3201 discernens
1156 3160 1192 3199 a
1215 3153 1389 3201 nocte
1417 3141 1580 3206 diem
1597 3161 1632 3220 ,·
1661 3148 1970 3226 rutilisque
1995 3158 2329 3207 comantem

783 3245 1013 3303 ornavit
1041 3245 1231 3302 solem
1264 3243 1446 3305 radiis
1464 3292 1480 3322 ‚
1527 3259 1585 3306 et
1608 3269 1826 3307 cornua
1853 3250 2034 3308 lunae

783 3347 1072 3425 paulatim
1101 3349 1294 3404 minui
1325 3350 1616 3427 paulatim
1644 3370 1902 3409 crescere
1931 3353 2142 3427 iussit3

659 3454 740 3515 20
784 3448 1065 3505 formavit
1097 3450 1290 3507 varias
1321 3447 1530 3510 habitu
1564 3449 1821 3511 distante
1848 3453 2090 3532 figuras,

784 3548 1065 3630 produxit
1085 3555 1288 3630 pronis
1315 3555 1598 3611 animalia
1628 3563 1818 3611 cetera
1841 3556 2147 3630 membris,

785 3655 982 3713 solum
1006 3650 1315 3711 hominem
1342 3667 1571 3714 rectum
1592 3692 1628 3729 ,ι
1656 3675 1838 3736 quem
1868 3677 2016 3715 mox
2050 3660 2274 3716 ratione
2313 3656 2580 3735 replevit,

783 3756 1085 3813 vivificans
1113 3757 1336 3814 siccum
1360 3777 1526 3818 sacro
1558 3759 1880 3837 spiramine
1908 3759 2161 3832 limum3

787 3860 953 3916 cuius
981 3857 1278 3916 subtracta
1309 3862 1484 3917 costis
1510 3880 1592 3917 ex
1616 3861 1894 3918 omuibus
1925 3880 2044 3917 uua

659 3961 743 4027 25
784 3961 1032 4041 perfecit
1060 3960 1217 4018 facto
1243 3963 1536 4036 similem,
1579 3965 1919 4042 sociamque
1951 3961 2204 4033 dicavit3

788 4058 1000 4141 hisque
1028 4073 1388 4136 creaturam,
1433 4065 1590 4122 claro
1626 4076 1716 4123 est
1753 4084 1906 4145 (luae
1933 4063 2169 4124 subdita
2199 4065 2388 4139 caelo,

789 4167 1115 4224 subiectam
1141 4165 1284 4223 fecit
1309 4164 1494 4223 divini
1522 4166 1707 4223 iussio
1742 4166 1939 4240 verbi,

785 4286 934 4346 quas
968 4266 1077 4323 tibi
1104 4268 1401 4346 persolvet
1427 4277 1592 4326 tauto
1627 4288 1734 4347 pro
1760 4287 2009 4326 munere
2040 4277 2239 4347 grates
