3210 5200
682 438 820 509 194
1285 440 1620 509 CORIPPI
1668 441 1782 507 DE
1830 441 2242 507 LAUDIBUS

841 609 1140 684 ingressus
1164 610 1391 686 primos
1421 608 1834 689 immensaque
1866 605 2012 665 atria
2042 608 2298 665 lustrans

843 712 1113 787 ingentes
1142 707 1376 767 adstare
1407 711 1587 769 viros.
1674 721 1838 769 scuta
1871 729 2048 767 aurea
2085 718 2349 783 cernunt,

673 813 797 878 240
838 814 1080 891 pilaque
1112 812 1441 888 suspiciant
1471 811 1589 867 alto
1622 809 1996 891 splendentia
2030 810 2186 869 ferro

843 931 1053 984 aurea,
1097 921 1155 967 et
1190 922 1423 969 auratos
1458 931 1638 970 conos
1669 916 1993 993 cristasque
2019 912 2319 969 rubentes.

842 1011 1187 1072 horrescunt
1215 1013 1452 1070 lanceas
1483 1031 1809 1094 saevasque
1837 1017 2056 1073 instare
2084 1031 2353 1082 secures3

846 1126 1156 1195 ceteraque
1187 1115 1460 1192 egregiae
1490 1125 1757 1193 spectant
1789 1116 2073 1172 miracula
2107 1135 2382 1194 pompae,

847 1226 904 1275 et
933 1215 1177 1275 credunt
1205 1214 1370 1274 aliud
1396 1218 1661 1273 Romana
1689 1217 1909 1293 palatia
1935 1217 2188 1273 caelum.

677 1317 800 1385 245
845 1320 1097 1396 spectari
1122 1316 1416 1396 gaudent,
1458 1315 1797 1397 hilaresque
1827 1318 2045 1375 intrare
2072 1315 2283 1374 videri.

844 1439 965 1477 non
999 1440 1168 1478 secus
1199 1423 1508 1498 Hyrcanae
1537 1421 1811 1498 quotiens
1839 1420 2174 1496 spectacula
2203 1421 2383 1495 tigres

847 1519 950 1578 dat
978 1524 1214 1600 populis
1247 1507 1398 1580 nova
1433 1524 1622 1578 Roma
1651 1520 1804 1593 suis,
1849 1517 2090 1577 ductore
2117 1523 2398 1597 magistro

843 1643 967 1680 non
994 1625 1167 1681 solita
1193 1625 1426 1680 feritate
1452 1598 1745 1694 fremunt,
1789 1619 1896 1678 sed
1922 1622 2190 1699 margine
2215 1632 2340 1679 toto

843 1725 1129 1782 intrantes
1154 1726 1402 1803 plenum
1428 1724 1789 1802 populorum
1815 1725 1982 1780 milia
2012 1726 2232 1781 circum

678 1828 802 1891 250
843 1829 1199 1904 suspiciunt,
1242 1844 1577 1903 magnoque
1610 1835 1775 1881 metu
1805 1825 2113 1881 mitescere
2143 1824 2413 1898 discunt3

844 1927 1147 2007 deponunt
1176 1927 1433 2000 rabiem,
1482 1923 1747 2002 gaudent
1773 1925 1899 1982 fera
1930 1927 2126 1983 vincla
2153 1928 2371 2001 subire,

839 2051 948 2109 per
970 2028 1201 2087 medios
1229 2031 1446 2086 intrare
1472 2027 1636 2086 locos
1654 2071 1669 2100 ,
1712 2027 2028 2106 ipsumque
2056 2030 2344 2106 superbae

844 2129 1007 2212 quod
1035 2141 1374 2210 spectentur
1398 2138 1629 2201 amant,
1675 2147 1919 2185 caveam
1943 2130 2263 2209 turbasque
2289 2131 2558 2189 sax-entes

840 2234 1125 2308 lustrant,
1172 2244 1232 2290 et
1259 2251 1481 2311 pronae
1512 2231 1732 2289 solium
1760 2234 2060 2310 regnantis
2089 2231 2357 2293 adorant.

673 2337 797 2403 255
840 2354 1049 2395 verum
1078 2346 1143 2393 ut
1171 2344 1467 2392 contracto
1497 2342 1815 2412 patuerunt
1846 2333 2057 2391 intima
2092 2336 2226 2393 velo
2350 2337 2352 2339 ’

840 2440 1023 2512 ostia,
1069 2447 1130 2495 et
1152 2438 1342 2494 aurati
1363 2438 1700 2493 micuerunt
1729 2436 1875 2492 atria
1901 2437 2060 2509 tecti,

836 2541 1307 2618 Caesareumque
1334 2547 1511 2618 caput
1536 2535 1875 2595 diademate
1900 2537 2133 2616 fulgere
2163 2559 2328 2597 sacro

838 2643 1116 2720 Targites
1150 2642 1419 2719 suspexit
1453 2643 1647 2715 Avar,
1691 2651 1784 2699 ter
1810 2641 2038 2719 poplite
2071 2642 2227 2700 flexo

834 2764 1057 2822 pronus
1088 2741 1386 2816 adoravit,
1430 2753 1742 2823 terraeque
1773 2744 2006 2803 adfixus
2034 2743 2310 2803 inhaesit.

668 2850 793 2912 260
834 2844 996 2902 huno
1022 2847 1245 2902 Avares
1275 2846 1378 2901 alii
1404 2845 1587 2902 simili
1612 2855 1832 2902 terrore
1864 2846 2052 2903 secuti

837 2949 901 3005 in
929 2947 1110 3003 facies
1140 2943 1404 3003 cecidere
1431 2964 1600 3018 suas,
1644 2956 1974 3025 stratosque
2002 2955 2231 3023 tapetas

833 3049 1028 3106 fronte
1055 3058 1282 3119 terunt,
1325 3047 1640 3125 longisque
1672 3046 1927 3124 implent
1956 3049 2213 3125 spatiosa
2249 3050 2478 3126 capillis

838 3152 985 3208 atria
1015 3160 1071 3208 et
1101 3151 1435 3227 Augustam
1458 3146 1743 3205 membris
1773 3150 2133 3206 immanibus
2161 3150 2382 3208 aulam.

740 3325 747 3331 Α
836 3262 902 3309 ut
933 3253 1194 3309 clemens
1221 3251 1495 3329 princeps
1527 3250 1756 3327 legatos
1787 3270 2027 3330 surgere
2054 3233 2246 3310 iussit'

670 3354 794 3421 265
837 3353 1031 3412 officio
1061 3363 1306 3428 stratos,
1349 3354 1515 3412 iussu
1540 3356 1889 3433 monituque
1917 3355 2175 3413 iubentis

837 3476 1081 3514 erexere
1110 3458 1287 3514 viros.
1364 3448 1568 3535 “quod
1596 3449 1917 3534 poscitis,”
1958 3477 2057 3515 ore
2085 3474 2293 3515 sereno

836 3560 1159 3617 clementer
1191 3569 1466 3635 regnator
1497 3560 1611 3630 ait,
1649 3550 2044 3631 “memorate‚
2091 3556 2316 3633 docete,

836 3672 896 3719 et
923 3662 1104 3720 vestri
1134 3661 1287 3738 regis
1315 3680 1468 3740 quae
1499 3662 1573 3719 sit
1600 3661 1823 3738 legatio
1849 3652 2067 3717 ferte.”

831 3760 982 3820 haec
1008 3773 1326 3843 postquam
1354 3767 1627 3842 princeps
1654 3764 1974 3843 tranquilla
2009 3782 2152 3820 voce
2184 3764 2469 3840 profatus,

667 3867 790 3930 270
834 3863 1048 3922 crudus
1077 3874 1134 3922 et
1166 3884 1338 3944 asper
1359 3868 1520 3922 Avar
1546 3863 1716 3923 dictis
1744 3868 1830 3923 sic
1853 3867 2047 3942 coepit
2073 3867 2322 3922 acerbis.

825 3957 977 4022 “rex
1001 3969 1263 4024 Avarum
1292 3965 1566 4045 chagan,
1613 3966 1917 4024 debellans
1943 3967 2154 4023 intima
2183 3964 2415 4040 mundi,

832 4067 1094 4126 famosos
1125 4072 1332 4128 stravit
1353 4087 1572 4147 magna
1599 4070 1816 4126 virtute
1837 4078 2139 4148 tyrannos,

833 4173 1174 4230 innumeros
1200 4173 1452 4251 populos
1480 4180 1537 4229 et
1561 4170 1734 4228 fortia
1763 4191 1945 4248 regna
1971 4171 2239 4248 subegit3

833 4276 998 4331 cuius
1024 4270 1369 4331 Threicium
1398 4275 1552 4352 potis
1582 4284 1673 4331 est
1700 4276 1994 4330 exereitus
2025 4273 2292 4330 Hebrum

661 4374 786 4438 275
830 4371 1120 4432 exhausto
1154 4376 1373 4432 siccare
1400 4376 1566 4447 lacu,
1611 4376 1974 4457 fluviumque
1999 4373 2259 4432 bihendo
