3210 5200
699 427 845 536 272
1456 377 2132 493 mzzucefflm

692 599 896 658 libello
917 643 932 673 ‚
977 613 1160 676 quem
1185 590 1456 652 nondum
1486 591 1644 666 vidi,
1691 594 2009 671 inscripto:
2069 591 2283 650 Iurene
2320 612 2404 650 an
2444 593 2670 650 iniuria
2699 581 2892 650 'Iu-ni-

700 688 921 742 manus
948 683 1055 738 illa
1084 683 1327 737 nomina
1352 680 1747 755 usurpaverit.
1818 680 2013 736 fateor
2036 687 2239 736 tamen
2267 681 2530 756 potuisse
2564 676 2894 735 Iohannem
2978 721 2984 726 .

703 789 840 827 cum
857 765 1104 844 populi-s·
1130 763 1312 822 Albi-5·
1341 783 1553 822 manus
1585 783 1891 822 conserere
1913 784 2035 821 non
2065 762 2144 821 ad
2159 764 2365 822 Albim
2393 761 2500 820 sed
2527 763 2689 836 alibi,
2714 781 2892 840 prae-

702 854 909 912 sertim
939 870 1074 907 cum
1101 848 1287 908 iidem
1314 850 1557 931 populi,
1601 851 1852 907 fortasse
1882 868 2020 905 cum
2044 850 2287 905 Francis
2306 892 2322 923 ‚
2389 867 2641 927 quorum
2669 846 2891 905 subditi

699 940 846 995 sacti
892 937 1125 992 fuerant
1168 954 1202 991 a
1232 932 1687 1006 Theodeberto,
1751 954 1858 1012 pro
1904 931 2114 991 Gothis
2158 944 2529 1012 pugnantes,
2587 953 2619 990 a
2648 935 2892 990 Narsete

702 1025 858 1080 caesi
885 1021 1146 1078 fuerunt.
1239 1017 1347 1077 sed
1371 1016 1486 1076 hoo
1523 1021 1721 1076 evenit
1750 1019 1846 1076 vel
1881 1017 2095 1075 eodem
2124 1029 2413 1097 tempore,
2450 1037 2567 1097 quo
2596 1016 2892 1075 Iohannes

701 1119 826 1164 erat
862 1108 926 1162 in
950 1105 1184 1178 Africa,
1242 1105 1339 1161 vel
1379 1104 1560 1181 paulo
1593 1112 1747 1184 post.
1840 1102 1979 1161 vide
2024 1107 2351 1163 Invernizzi
2391 1103 2465 1160 de
2501 1101 2675 1160 rebus
2711 1105 2894 1180 gestis

694 1191 1028 1250 ‘Iustiniani
1054 1190 1283 1267 Magni
1322 1192 1393 1251 11
1441 1190 1518 1251 13
1567 1200 1626 1246 et
1665 1208 1793 1269 seq.
1842 1208 1905 1266 p.
1949 1189 2068 1254 157
2113 1200 2171 1247 et
2200 1209 2395 1268 seqq„
2443 1198 2501 1244 et
2531 1185 2765 1245 Eckhel
2797 1189 2885 1245 D.

697 1277 788 1334 N.
828 1276 903 1332 V.
938 1284 983 1331 t.
1014 1277 1053 1338 8
1083 1293 1146 1352 p.
1182 1276 1305 1337 209
1335 1284 1393 1330 et
1412 1291 1541 1352 seq.
1634 1276 1755 1332 imo
1781 1271 1947 1332 hisce
1976 1271 2048 1331 de
2073 1275 2264 1332 titulis
2292 1275 2606 1330 Iustiniani
2629 1281 2893 1352 praestat

699 1358 905 1419 audire
930 1359 1189 1416 Paulum
1231 1356 1550 1416 diaconum
1576 1359 1682 1416 lib.
1722 1367 1753 1422 1
1804 1358 1877 1416 de
1915 1359 2109 1417 Gestis
2147 1357 2686 1437 Longobardoram
2716 1377 2768 1413 c.
2807 1354 2892 1420 25

699 1466 798 1524 ap.
832 1447 1116 1502 Murator.
1170 1445 1317 1500 Rer.
1359 1442 1556 1500 Italia
1602 1444 1886 1521 Scriptor.
1924 1454 1968 1500 t.
2008 1448 2036 1506 1
2085 1465 2146 1523 p.
2181 1443 2325 1509 420.
2415 1463 2522 1522 pro
2554 1442 2800 1499 Pet-eide
2825 1444 2896 1498 in

702 1529 905 1588 codice
936 1539 1024 1586 est
1039 1527 1295 1605 perfida
1326 1525 1435 1586 sed
1456 1529 1651 1586 recole
1684 1548 1838 1608 quae
1870 1527 1944 1587 de
1964 1526 2232 1587 Iohanne
2258 1547 2433 1606 supra
2464 1537 2670 1587 auctor
2689 1537 2897 1585 noster

700 1625 948 1673 testatus
979 1624 1101 1685 est,
1172 1616 1203 1674 1
1237 1615 1338 1676 58.
1431 1611 1568 1670 vide
1612 1617 1794 1670 etiam
1828 1615 1911 1670 ib.
1953 1635 2013 1680 v.
2052 1614 2213 1689 449,
2268 1615 2372 1672 ubi
2411 1616 2632 1691 pariter
2668 1631 2779 1691 pro
2828 1613 2897 1668 in

698 1699 948 1759 Perside
971 1699 1130 1754 male
1162 1694 1354 1753 codex
1378 1694 1638 1755 habebat
1667 1698 2000 1775 anper-fide,-
2058 1710 2120 1756 et
2147 1698 2189 1762 4
2232 1702 2356 1764 893
2399 1713 2601 1755 rursus
2642 1699 2896 1755 occurrit

697 1787 762 1843 in
796 1803 891 1843 ms
910 1780 1152 1858 perfida
1182 1800 1288 1856 pro
1321 1781 1586 1838 Persica.
2170 1845 2176 1852 ,

863 1866 967 1930 35.
1059 1861 1233 1924 ovid.
1269 1865 1423 1921 Met.
1461 1868 1541 1930 13
1567 1864 1733 1930 478:
1783 1865 2043 1943 pertulit
2073 1866 2398 1943 intrepidos
2421 1865 2668 1944 adfata
2694 1868 2894 1923 novi-5·-

685 1955 848 2020 ,sima
884 1948 1106 2009 vultus.

864 2040 967 2099 37.
1057 2031 1291 2112 phrasis
1330 2032 1614 2114 frequens
1655 2037 1718 2091 in
1765 2035 1934 2093 libris
1976 2036 2189 2107 sacris,
2250 2044 2315 2091 ut
2373 2034 2643 2112 Sapient.
2693 2038 2733 2097 7
2773 2033 2890 2101 25:

696 2141 886 2199 vapor
912 2131 997 2176 est
1028 2120 1185 2176 enim
1213 2120 1451 2176 virtutis
1480 2120 1579 2177 dei
1586 2141 1613 2192 ;
1658 2120 2061 2178 Ecclesiastic.
2096 2120 2178 2184 50
2205 2123 2321 2188 23:
2369 2121 2571 2178 volens
2599 2120 2892 2178 ostendere

695 2209 975 2266 virtutem
1010 2204 1131 2277 dei;
1176 2203 1469 2261 Machab.
1504 2208 1548 2267 2
1588 2208 1628 2267 3
1672 2204 1791 2268 24:
1851 2217 2084 2267 retentes
2119 2204 2218 2260 dei
2255 2209 2494 2277 virtute,
2538 2227 2598 2264 v.
2631 2211 2747 2271 28:
2790 2204 2894 2262 dei

697 2293 938 2369 cognita
961 2292 1202 2359 virtute,
1249 2298 1306 2345 et
1336 2309 1394 2347 v.
1431 2292 1551 2354 88:
1611 2289 1712 2347 dei
1740 2290 2038 2368 quaedam
2064 2291 2279 2360 virtue,
2307 2293 2382 2346 ‘et
2414 2311 2465 2347 c.
2497 2294 2537 2353 9
2566 2296 2636 2357 8:
2692 2291 2889 2348 mani-

678 2378 914 2458 festam
945 2374 1041 2432 dei
1074 2375 1377 2443 virtatem3
1435 2371 1649 2430 Matth.
1696 2378 1777 2438 22
1817 2378 1929 2438 293
1985 2377 2301 2432 nescientes
2337 2378 2666 2453 scripturas
2703 2395 2891 2455 neque

697 2463 975 2521 virtatem
1001 2460 1121 2531 dei;
1167 2469 1225 2515 et
1256 2459 1399 2516 alibi
1425 2461 1652 2536 passim
1686 2461 1747 2514 in
1779 2463 1944 2517 Novo
1977 2462 2384 2533 Testamento,
2430 2462 2534 2534 nbi
2561 2481 2737 2540 saepe
2765 2463 2890 2517 vir-

700 2559 798 2607 tus
824 2547 922 2605 dei
947 2549 1128 2603 etiam
1167 2554 1413 2602 vocatur
1453 2547 1580 2628 ipse
1617 2544 1911 2616 Chris-tas,
1964 2547 2152 2605 veluti
2193 2557 2355 2625 patet
2406 2565 2484 2603 ex
2522 2547 2770 2626 epistola
2805 2545 2897 2604 ad

706 2632 1036 2695 Corinthios
1064 2636 1096 2694 1
1135 2633 1166 2693 1
1201 2629 1305 2695 24.
1505 2659 1517 2669 .
2600 2640 2604 2645 ’

865 2722 971 2781 88.
1044 2715 1211 2789 fines
1233 2714 1471 2772 custode
1493 2716 1648 2771 tueri
1671 2717 1834 2793 Virg.
1867 2714 2026 2774 Aen.
2068 2720 2097 2777 1
2127 2715 2274 2782 568.

863 2801 1094 2866 41—3.
1187 2800 1349 2877 Virg.
1381 2798 1539 2857 Aen.
1575 2799 1616 2862 4
1651 2804 1803 2865 121:
1848 2801 2156 2879 saltusque
2185 2803 2470 2881 indagine
2499 2804 2779 2883 cingunt.

862 2884 968 2946 47.
1061 2885 1225 2960 Virg.
1259 2884 1418 2940 Aen.
1454 2888 1494 2947 6
1523 2885 1683 2949 477:
1727 2905 1879 2942 arva
1917 2884 2194 2943 tenebant
2218 2888 2456 2946 ultim.

865 2968 967 3030 52.
1059 2986 1119 3022 v.
1152 2969 1307 3024 infra
1339 2988 1396 3023 v.
1424 2965 1572 3029 244.

862 3050 967 3114 53.
1059 3050 1217 3106 dicto
1236 3071 1455 3128 parere
1464 3050 1710 3128 fatetur
1728 3054 1893 3131 Virg.
1933 3052 2092 3111 Aen.
2127 3057 2168 3116 7
2194 3056 2340 3121 433.

863 3135 968 3201 58.
1061 3135 1263 3213 plures
1306 3145 1544 3192 exstant
1582 3138 1753 3193 muni
1803 3158 1941 3197 cum
1978 3139 2302 3220 epigraphe
2348 3142 2520 3199 Felix
2557 3125 2889 3221 Carthago,

693 3223 1013 3301 praecipue
1059 3221 1168 3278 sub
1208 3222 1578 3283 Maximiano
1613 3223 1908 3284 Herculeo
1943 3228 2190 3307 eiusque
2234 3227 2357 3288 filio
2390 3222 2732 3304 Maxentio,
2774 3247 2888 3286 nee

692 3325 816 3364 non
842 3307 950 3364 sub
981 3303 1285 3364 Hilderico
1316 3326 1491 3383 rege,
1546 3308 1788 3386 signati.

865 3389 969 3455 59.
1062 3391 1425 3476 Iustiniana]
1473 3395 1558 3452 sic
1583 3406 1792 3452 vocata
1819 3396 1935 3454 fuit
1963 3394 2259 3475 Carthago
2291 3406 2456 3456 'teste
2483 3400 2772 3477 Procopio
2810 3397 2887 3455 de

691 3476 1005 3551 Aedificiis
1034 3477 1364 3535 Iustiniani
1393 3499 1442 3535 c.
1478 3477 1542 3542 5.
1596 3481 1718 3537 imo
1746 3483 1873 3559 ipse
1903 3484 2223 3560 imperator
2247 3481 2507 3539 Novella
2544 3486 2664 3548 131
2699 3484 2886 3550 Iusti-

693 3563 913 3621 nianae
951 3561 1336 3641 Carthaginis
1359 3566 1635 3625 meminit
1665 3566 1774 3624 sub
1802 3586 1956 3629 anno
1984 3568 2130 3632 541.
2220 3566 2455 3641 videet
2477 3570 2886 3627 Alemannnm

692 3647 758 3702 in
797 3650 953 3707 notis
990 3645 1068 3705 ad
1092 3650 1367 3727 Procopii
1397 3651 1565 3708 Hist.
1602 3652 1752 3708 Arc.
1792 3671 1843 3709 c.
1882 3656 1955 3713 11
1991 3672 2054 3731 p.
2088 3654 2172 3717 49
2221 3651 2317 3710 ed.
2365 3652 2646 3731 Lugdun.
2695 3657 2881 3729 1623,

694 3732 793 3789 vel
829 3753 889 3810 p.
934 3730 1051 3795 125
1083 3731 1178 3789 ed.
1208 3735 1397 3790 Paris.
1436 3739 1619 3798 1663.

864 3820 965 3879 63.
1056 3819 1222 3896 Virg.
1253 3820 1409 3878 Aen.
1439 3817 1479 3879 4
1506 3824 1630 3883 682
1654 3830 1863 3897 patres
1896 3820 2170 3878 Sidonios
2200 3833 2375 3881 vocat
2414 3831 2685 3880 senatum
2727 3823 2883 3881 Car-

693 3899 988 3979 thagitulc,
1034 3912 1097 3959 ut
1121 3905 1540 3982 interpretatur
1570 3905 1836 3964 Servius.

863 3985 1092 4050 65—6.
1186 3988 1264 4045 cf.
1291 3990 1456 4065 Virg.
1485 3988 1643 4046 Aen.
1683 3994 1762 4053 12
1791 3994 2057 4055 131—3.

862 4074 964 4134 67.
1055 4069 1289 4150 phrasis
1302 4093 1420 4153 per
1443 4073 1683 4153 gaudia
1715 4075 1938 4154 legitur
1976 4077 2156 4133 etiam
2191 4076 2256 4133 in
2297 4080 2724 4156 epigrammate
2754 4078 2881 4135 Ro·-

694 4175 828 4213 mae
857 4157 1150 4234 insculpto
1179 4159 1243 4215 in
1265 4160 1454 4217 Ponte
1485 4159 1748 4233 Salario‚
1795 4180 1975 4242 quem
2003 4164 2215 4219 Narses
2248 4165 2423 4221 victis
2451 4160 2660 4221 Gothis
2687 4162 2875 4219 colla-

691 4263 869 4321 psum
896 4242 1195 4298 'vetustate
1235 4245 1507 4303 restituit.
1601 4242 1789 4304 edidit
1829 4244 1982 4303 illud
2011 4244 2253 4304 Bonada
2294 4249 2453 4306 inter
2497 4249 2783 4305 Carmina
2805 4265 2876 4303 ex

689 4330 956 4406 antiquis
984 4325 1289 4404 lapidibus
1313 4338 1356 4385 t.
1387 4335 1427 4394 2
1450 4350 1512 4408 Ρ.
1547 4329 1673 4395 528
1691 4375 1707 4406 ,
1767 4329 1876 4389 sed
1900 4334 2043 4390 satis
2073 4344 2375 4410 corrupte3
2432 4332 2596 4391 unde
2619 4340 2878 4413 praestat

693 4409 857 4470 idem
880 4423 1084 4491 petere
1115 4432 1195 4472 ex
1217 4414 1464 4474 Grutero
1487 4437 1548 4495 Ρ.
1587 4420 1702 4480 161
1731 4436 1794 4473 n.
1825 4421 1888 4495 2,
1937 4427 1998 4475 et
2024 4414 2124 4475 hic
2154 4420 2419 4493 recitare,
2467 4421 2631 4498 quia,
2677 4420 2728 4476 si
2759 4418 2880 4473 Co-
