3210 5200
1083 375 1196 441 DE
1244 373 1652 443 LAUDIBUS
1704 373 2036 443 IUSTINI.
2492 382 2638 456 309

480 538 724 623 quidem
749 538 932 599 habet
959 537 1109 599 silv.
1142 541 1177 602 1
1211 537 1285 615 4,
1329 559 1481 621 quae
1503 537 1602 600 hic
1631 550 1861 600 noster:
1903 561 2012 601 nec
2040 543 2272 601 cometa
2305 544 2477 604 detur
2504 548 2633 629 ἢ.

479 647 639 700 rene,
682 626 894 705 largus
918 626 1128 703 potius
1167 623 1321 685 mma·
1347 645 1571 706 gurges
1610 624 1923 685 inhaudus
1956 628 2066 706 qui
2100 629 2331 707 rapitur
2360 630 2433 688 de
2451 632 2633 710 sonte

479 722 598 770 tuo.
687 730 799 768 nec
842 720 932 768 est
970 728 1076 768 cur
1114 708 1341 769 laboret
1381 711 1473 769 vir
1510 709 1715 770 doctus
1757 713 2128 788 Bernartius,
2171 732 2308 771 cum
2332 715 2395 772 in
2427 715 2627 777 codice

478 795 980 873 Argentoratensi‚
1023 795 1129 874 qui
1152 813 1334 873 penes
1363 814 1463 853 me
1491 805 1597 870 est,
1639 797 1724 853 ita
1753 795 2002 875 legatur,
2043 796 2421 858 meoiudicio
2451 812 2628 863 recte.

480 878 660 939 fidem
687 880 913 938 faciunt
938 874 1204 937 eiusdem
1239 880 1508 939 lectionis
1543 877 1828 938 editiones
1854 882 2112 940 Venetae
2141 890 2199 939 et
2222 882 2626 945 Florentinae:

485 1006 500 1021 .
514 1006 555 1021 ..
577 964 779 1044 largos
795 974 979 1044 potue
1004 961 1155 1023 mihi
1169 984 1417 1044 gurges,
1457 966 1522 1024 in
1546 964 1797 1024 hart-stus
1819 967 1925 1047 qui
1946 967 2179 1044 rapitur
2200 963 2274 1024 de
2286 966 2464 1046 fimte
2500 980 2619 1029 tuo.

473 1049 754 1108 Drursr.

645 1131 751 1199 47.
836 1128 1128 1214 quomodo
1152 1133 1261 1193 sub
1289 1132 1531 1193 nomine
1568 1134 1757 1195 rivuli
1784 1143 1973 1214 gestat
2001 1133 2279 1213 principis
2310 1134 2571 1195 officium
2589 1134 2623 1195 ‘G

479 1218 697 1276 vellem
727 1219 1120 1296 explicassent
1155 1219 1271 1276 ista
1304 1218 1670 1298 interpretes.
1754 1218 1862 1279 sed
1888 1216 2063 1277 nihili
2093 1239 2185 1277 res
2216 1229 2335 1278 est:
2377 1223 2430 1280 si
2460 1223 2626 1296 ,enim

475 1302 755 1380 principis
776 1302 1040 1360 officium
1063 1314 1273 1381 gestat,
1315 1305 1596 1383 principis
1623 1303 1731 1363 sub
1760 1306 1998 1362 nomine
2027 1313 2245 1382 gestat,
2288 1323 2408 1363 non
2439 1323 2625 1385 quae-

475 1388 668 1446 storis.
752 1396 822 1444 at.
845 1386 1107 1445 officium
1131 1389 1414 1467 principis
1439 1387 1539 1446 hic
1559 1388 1912 1446 beneficium
1937 1389 2068 1465 capi
2094 1385 2295 1463 debet,
2354 1386 2431 1447 ad
2464 1387 2626 1469 quod

472 1472 707 1549 penitus
732 1468 1180 1550 adipiscendum
1215 1474 1553 1531 auctoritate
1583 1475 1908 1553 quaestoris
1934 1492 2081 1552 opus
2108 1468 2383 1531 habebat.
2424 1475 2624 1554 itaque

472 1558 597 1614 iam
639 1555 749 1615 sub
793 1558 1033 1614 nomine
1068 1554 1248 1615 huius
1289 1577 1354 1616 se
1395 1566 1630 1635 gustare
1669 1559 2019 1617 suavitatem
2053 1558 2250 1635 regiae
2292 1559 2419 1635 opis
2462 1555 2625 1617 dicit.

475 1636 632 1698 nihil
656 1640 869 1698 certius
899 1658 1078 1720 quam
1106 1638 1517 1700 scribendum:
1559 1639 1671 1699 sub
1699 1643 1869 1700 cuius
1897 1642 2129 1699 nomine
2149 1651 2344 1720 gusto.
2431 1643 2629 1720 impe·-

477 1733 660 1783 trarat
686 1725 845 1783 enim
868 1725 992 1782 iam
1017 1729 1208 1806 regias
1233 1726 1491 1802 litteras,
1540 1745 1688 1806 quas
1719 1725 1820 1784 hic
1849 1723 2019 1784 offert
2046 1726 2375 1801 Anastasi0‚
2420 1736 2488 1785 ut
2516 1725 2629 1785 do-

480 1818 614 1866 cent
636 1805 1064 1887 praecedentia.
1151 1812 1452 1890 eleganter
1474 1830 1614 1869 vero
1643 1829 1725 1869 ex
1747 1830 1852 1870 suo
1874 1829 2039 1885 more
2062 1806 2214 1867 dixit
2232 1820 2409 1888 gusto
2426 1852 2451 1881 ,
2495 1830 2631 1869 cum

476 1894 689 1972 plenus
724 1893 945 1954 fructus
994 1894 1265 1955 beneficii
1305 1894 1573 1955 nondum
1605 1893 1961 1953 advenisset.
2047 1902 2105 1951 et
2133 1895 2215 1951 ita
2245 1895 2626 1972 imperatores

476 1980 653 2036 aliive
688 1980 980 2058 principes
1024 1990 1287 2059 gustasse
1327 1982 1646 2061 imperium
1675 1978 1947 2038 dicuntur
1963 2022 1980 2054 ,
2036 1979 2140 2058 qui
2167 1977 2334 2037 brevi
2363 1987 2625 2058 tempore

476 2060 881 2143 possederunt.
925 2066 1171 2125 Banu.
1254 2067 1519 2125 rivulum
1543 2061 1698 2123 mihi
1722 2063 1958 2123 videtur
1983 2059 2175 2120 dicere
2202 2081 2337 2121 suos
2365 2064 2525 2141 ipsos
2550 2062 2626 2121 de

476 2146 752 2207 laudibus
778 2152 1151 2228 imperatoris
1176 2152 1387 2210 Iustini
1417 2151 1622 2214 libros.
1706 2147 1814 2207 sub
1858 2148 2027 2205 cuius
2070 2147 2327 2217 nomine,
2366 2144 2479 2205 hoc
2516 2159 2624 2223 est,

479 2235 644 2291 cuius
674 2236 1018 2292 auctoritate
1042 2253 1149 2293 seu
1172 2235 1414 2294 consilio
1434 2278 1451 2308 ,
1506 2243 1610 2292 aut
1638 2234 1690 2293 si
1716 2235 1906 2292 mavis
1922 2276 1939 2306 ‚
2000 2249 2116 2309 quo
2143 2240 2407 2308 patrono.
2490 2230 2626 2291 vide

479 2317 636 2373 infra
665 2318 701 2377 1
737 2315 836 2381 15.
879 2319 1074 2377 Foee.
1153 2321 1338 2397 gesto]
1380 2320 1587 2396 virgil.
1616 2321 1769 2377 Aen·
1808 2321 1841 2380 1
1872 2318 2029 2379 319:
2071 2315 2318 2392 virginae
2351 2336 2416 2373 os
2452 2314 2629 2373 habi-

481 2410 722 2478 tumque
740 2420 971 2479 gerens.
1062 2412 1120 2461 et
1150 2408 1192 2467 2
1219 2405 1335 2468 89:
1398 2412 1454 2459 et
1492 2423 1597 2461 nos
1637 2400 1964 2482 aliqtcando
1998 2419 2319 2477 nomenque
2343 2398 2631 2479 decusque

473 2486 784 2566 gessimus.
872 2488 1068 2547 Foco.

644 2569 747 2635 48.
802 2588 1012 2648 gerens
1034 2572 1317 2633 nimirum
1340 2591 1653 2653 personam
1666 2571 1880 2651 poe'tae
1905 2592 2010 2632 seu
2032 2568 2440 2650 panegyristae
2465 2568 2631 2648 prin-

482 2655 628 2734 cipis
656 2657 918 2734 Augusti.
934 2659 1302 2736 imperatoris
1326 2660 1558 2717 lustini.
1639 2659 1702 2714 in
1733 2654 1887 2715 hanc
1912 2657 2266 2716 sententiam
2296 2654 2469 2713 facile
2497 2674 2631 2712 me-

480 2759 620 2797 cum
655 2739 802 2815 ibis,
858 2743 911 2799 si
951 2744 1216 2802 conferas
1260 2746 1291 2805 1
1330 2748 1392 2807 7.
1476 2739 1834 2801 Claudianus
1875 2743 1941 2799 in
1971 2741 2217 2821 praefat.
2248 2736 2631 2818 Epithalamii

479 2822 735 2882 Palladii
769 2834 827 2898 et
856 2827 1194 2885 Celerinae:
1238 2846 1475 2884 carmen
1502 2847 1671 2884 amor
1688 2828 1895 2905 generi
1904 2869 1931 2900 ,
1973 2827 2157 2883 soceri
2178 2825 2497 2883 reverentia
2512 2842 2632 2901 po·

479 2911 618 2980 scit,
660 2910 849 2987 officio
881 2912 1066 2982 vacas,
1108 2910 1313 2969 militae
1340 2910 1633 2989 obsequio.
1680 2911 1877 2971 Foco.
1961 2908 2037 2968 de
2076 2909 2268 2970 officio
2302 2911 2365 2966 in
2407 2908 2629 2987 palatio

478 2991 697 3074 isthinc
740 2997 1064 3054 coniectato
1117 3015 1237 3054 non
1276 2993 1609 3055 accedimus
1652 2993 1988 3055 doctissimo
2023 2996 2389 3073 Dempstero.
2474 2992 2629 3051 bona

478 3098 619 3136 vero
645 3079 992 3157 simplicitas
1019 3083 1083 3138 in
1112 3078 1288 3139 huius
1312 3087 1524 3160 poetae
1551 3083 1687 3142 stilo
1713 3079 1865 3140 mihi
1889 3080 2083 3159 potior
2107 3090 2196 3138 est
2223 3080 2476 3136 aliorum
2505 3078 2632 3135 eius

480 3164 611 3220 aevi
638 3164 1052 3225 semibarbaris
1077 3163 1564 3225 adfectationibus
1592 3165 1939 3244 granditatis
1970 3176 2029 3223 et
2055 3160 2414 3221 eruditarum
2438 3169 2632 3218 trans-

482 3246 796 3322 lationum,
868 3268 1020 3330 quae
1072 3269 1192 3309 uno
1232 3269 1410 3328 saepe
1447 3251 1628 3309 verbo
1675 3258 2054 3330 corrumpunt
2094 3249 2431 3307 universam
2469 3246 2633 3305 velut

482 3329 739 3391 studiose
758 3337 1173 3394 narrationem.
1255 3336 1498 3392 Banu.

586 3482 592 3489 ,
647 3419 1094 3478 Αιιῦσιηπτυι
1148 3436 1365 3477 ort-:ms
1407 3434 1819 3476 urs-romena.
1928 3417 2185 3475 Iustinus
2237 3415 2465 3488 minor,
2529 3414 2632 3493 qui

486 3508 546 3556 et
586 3499 906 3579 secundus,
973 3504 1315 3563 Dulcissimi
1352 3502 1509 3560 filius
1551 3501 1619 3581 (3
1655 3500 1801 3579 132)
1820 3543 1838 3577 ‚
1907 3500 2215 3558 Iustiniani
2251 3497 2504 3575 Augusti
2556 3517 2635 3554 ex
2700 3495 2705 3502 '

485 3602 679 3642 sorore
689 3587 1007 3664 vigilantia
1032 3608 1237 3667 nepos,
1266 3587 1340 3646 ab
1368 3586 1658 3646 avunculo
1681 3586 1817 3644 vivo
1841 3584 1905 3641 in
1926 3584 2062 3642 aula
2080 3581 2359 3641 educatus
2389 3580 2456 3661 (4
2486 3578 2633 3659 190)

481 3677 544 3726 ,et
568 3670 854 3730 Palatinis
877 3673 1083 3732 officiis
1105 3674 1415 3753 impositus
1431 3715 1450 3747 ,
1494 3670 1685 3730 dictus
1716 3678 1804 3727 est
1830 3668 1969 3727 inde
1996 3667 2378 3746 curopalates.
2457 3666 2629 3723 Paul.

482 3755 728 3813 Diacon.
768 3756 876 3815 lib.
916 3759 991 3819 16
1044 3760 1111 3815 in
1150 3757 1266 3816 fine
1306 3757 1637 3817 Iustiniani.
1725 3751 1897 3812 duxit
1943 3756 2006 3811 in
2050 3770 2300 3811 uxorem
2347 3746 2632 3829 Sophiam

482 3835 835 3900 Theodorae
869 3842 1171 3919 Augustae
1199 3852 1440 3922 neptem
1459 3887 1476 3917 ‚
1535 3828 1715 3923 quam
1749 3849 2077 3899 consortem
2109 3837 2346 3915 imperii
2385 3853 2630 3894 corona-

485 3930 608 3977 tam
629 3922 895 4002 adscivit,
924 3927 999 3984 ab
1028 3928 1173 3986 urbe
1204 3924 1436 3986 condita
1473 3929 1652 4000 1818,
1682 3944 1718 3983 a
1740 3935 1911 4003 partu
1938 3921 2240 3982 salutifero
2270 3920 2412 3985 558·
2438 3919 2631 3997 placet

484 4006 645 4062 enim
667 4008 912 4068 Diaconi
948 4013 1281 4093 supputatio
1300 4055 1318 4086 ,
1379 4030 1416 4069 a
1449 4030 1568 4092 qua
1608 4008 1887 4069 recedunt
1912 4010 2025 4067 viri
2060 4006 2311 4065 maximi
2344 4015 2403 4062 et
2422 4001 2630 4061 lustini

487 4088 994 4168 inaugurationem
1026 4108 1253 4176 ponunt
1290 4098 1357 4153 in
1394 4115 1549 4155 anno
1592 4095 1801 4155 salutis
1842 4092 1986 4158 566.
2069 4093 2237 4152 initio
2275 4090 2632 4169 principatus

488 4171 624 4248 piu.
654 4173 915 4236 edictum
946 4183 1248 4260 proposuit
1275 4177 1589 4241 Catholicis
1619 4180 1727 4239 sub
1755 4179 2042 4238 avunculo
2070 4175 2483 4246 vehementer,
2519 4187 2633 4226 na-
2748 4239 2755 4246 .

486 4259 782 4321 scentibus
805 4260 1179 4343 haeresibus,
1221 4266 1503 4340 turbatisr,
1545 4265 1807 4323 liberalis
1836 4273 1893 4320 et
1915 4265 1980 4320 in
2005 4281 2199 4324 sacros
2227 4256 2460 4318 ordines
2493 4271 2633 4332 pro-

483 4340 672 4404 sumu-
757 4357 961 4426 postea
998 4369 1118 4411 non
1155 4353 1341 4413 caruit
1367 4351 1699 4430 suspicione
1723 4346 2035 4432 haereseos
2056 4346 2411 4426 Pelagianae
2441 4357 2634 4398 asser-
