3210 5200
644 358 781 406 κιαι
1300 422 1304 429 ,
1405 341 2074 410 MAZZUCCHELLH

645 518 846 566 noster
873 508 1007 586 plus
1034 527 1215 588 quam
1242 516 1474 587 septem
1510 528 1820 592 nunquam
1860 511 2249 569 enumeravit.
2336 523 2638 592 praeterea
2673 515 2819 575 Tri-

648 611 947 667 vultianus
988 606 1180 667 codex
1215 608 1540 668 Mediolani
1570 614 1902 692 exscriptus
1929 612 2045 670 fuit
2074 615 2306 673 saeculo
2340 615 2446 690 14,
2491 616 2821 699 eademque

646 714 710 769 in
740 712 885 769 urbe
910 729 1146 788 semper
1170 713 1427 785 exstitit,
1470 723 1539 770 ut
1564 713 1733 772 brevi
1754 733 1855 771 me
1882 716 2395 793 comprobaturum
2419 737 2610 798 spero.
2682 718 2819 777 ideo

648 811 1121 870 Medcblanensis
1153 830 1187 869 a
1227 832 1328 870 me
1362 825 1608 873 vocatus
1651 826 1742 873 est
1774 818 1839 872 in
1878 818 2009 895 ipsa
2048 816 2186 874 libri
2232 818 2454 892 fronte,
2506 831 2572 877 ut
2619 823 2821 878 statim

646 914 896 972 lectores
931 932 1236 973 monerem
1271 935 1384 973 neo
1415 915 1759 975 Budensem
1794 937 1991 999 neque
2027 918 2413 977 Casinensem
2446 940 2545 978 me
2578 935 2823 981 nactum

643 1020 852 1076 fuisse.
938 1035 1017 1074 ex
1055 1014 1392 1074 charactere
1430 1018 1535 1076 illo
1571 1020 1728 1076 inter
1753 1021 2037 1078 Latinum
2062 1031 2121 1078 et
2149 1022 2549 1080 Teutonicum
2567 1068 2583 1097 ,
2643 1044 2826 1105 quem

646 1117 1144 1197 Semigotthicum
1172 1119 1435 1197 appellat
1462 1121 1679 1198 vulgus
1698 1164 1715 1194 ,
1757 1140 1870 1179 nec
1895 1134 2016 1181 non
2046 1141 2126 1180 ex
2148 1124 2252 1180 illa
2282 1125 2549 1182 crassiori
2574 1145 2822 1204 papyro,

647 1225 815 1279 cuius
841 1240 982 1278 usus
1009 1221 1200 1298 viguit
1228 1223 1545 1300 praeprue
1576 1223 1814 1280 saeculo
1856 1221 1963 1298 14,
2023 1227 2275 1287 ,coniicio
2308 1223 2386 1283 ad
2421 1223 2585 1283 idem
2614 1247 2825 1285 saecu·-
2883 1260 2890 1269 ·

646 1324 776 1382 lum
800 1334 1087 1402 spectare.
1175 1320 1377 1381 charta
1408 1344 1472 1381 re
1503 1343 1645 1382 vera
1671 1344 1812 1402 prae
1841 1343 1907 1382 se
1934 1325 2050 1383 fert
2074 1328 2315 1404 siguum
2344 1325 2647 1409 quoddam
2671 1328 2827 1388 mihi

647 1427 922 1503 ignotum
945 1469 960 1497 ,
1004 1442 1222 1502 nempe
1251 1426 1564 1504 palliolum
1590 1426 1939 1504 bipartitum
1957 1471 1974 1501 ,
2037 1428 2139 1485 vel
2180 1430 2358 1487 vittas
2403 1426 2552 1488 duas
2597 1428 2828 1511 depen-

648 1525 892 1598 dentes,
952 1527 1154 1582 nesoio
1194 1544 1271 1581 an
1312 1525 1385 1582 ab
1428 1527 1525 1583 ala
1569 1537 1819 1585 extensa
1855 1528 1955 1586 vel
1993 1547 2030 1586 a
2068 1547 2252 1587 cornu
2281 1534 2540 1590 cervino.
2626 1531 2734 1591 sed
2762 1537 2827 1591 in

646 1631 779 1709 ipso
805 1625 1008 1685 codice
1036 1625 1302 1685 adiectae
1328 1626 1570 1685 fuerunt
1596 1627 1830 1703 eodem,
1874 1640 1942 1688 ut
1966 1641 2133 1709 puto,
2182 1633 2418 1690 saeculo
2444 1634 2645 1712 plures
2675 1637 2830 1693 aliae

647 1730 888 1789 chartae
904 1774 920 1802 ,
992 1731 1056 1785 in
1103 1728 1318 1809 quibus
1377 1730 1633 1789 aliorum
1675 1737 1993 1810 poetarum
2046 1733 2310 1787 carmina
2354 1738 2652 1814 exscripta
2691 1748 2832 1796 sunt

646 1830 984 1890 charactere
1029 1847 1151 1886 non
1192 1828 1453 1888 absimili
1494 1834 1588 1890 illi
1633 1853 1751 1915 quo
1790 1834 2034 1912 Corippi
2069 1837 2283 1910 poema
2324 1842 2413 1889 est
2442 1832 2830 1916 descriptum.

647 1938 712 1993 in
751 1935 945 2011 prima
983 1941 1184 1988 autem
1232 1950 1313 1989 ex
1351 1929 1518 1991 hisce
1552 1932 1772 1993 chartis
1803 1936 2020 1993 visitur
2057 1951 2273 1991 corona
2301 1933 2535 2008 laurea,
2596 1947 2654 1993 et
2684 1941 2832 1997 reli-

649 2053 804 2116 quae
823 2077 839 2107 ,
917 2051 1069 2114 quae
1112 2044 1384 2093 constant
1418 2036 1583 2096 foliis
1634 2037 1710 2100 15
1727 2082 1743 2112 ,
1799 2037 2062 2095 referunt
2102 2030 2363 2111 anguem
2399 2037 2834 2100 vicecomitum

649 2137 874 2216 absque
905 2154 1090 2214 puero
1120 2145 1355 2211 tamen,
1418 2149 1487 2196 ut
1515 2141 1742 2218 passim
1777 2141 2137 2219 conspicitur
2171 2139 2235 2194 in
2275 2156 2503 2217 papyro
2536 2139 2836 2201 Mediola-

649 2242 825 2297 nensi
851 2239 1075 2296 saeculi
1104 2242 1286 2296 etiam
1314 2240 1411 2304 15.
1467 2239 1633 2299 aliud
1661 2251 2109 2319 argumentum,
2155 2259 2236 2297 ex
2262 2258 2380 2322 quo
2408 2251 2570 2319 patet
2595 2241 2835 2303 Medio-

650 2341 781 2399 lani
811 2342 1109 2410 exstitisse
1137 2360 1327 2422 usque
1367 2363 1400 2400 a
1428 2344 1666 2402 saeculo
1699 2341 1776 2406 14
1818 2341 2083 2402 codicem
2119 2353 2389 2401 nostrum
2408 2385 2424 2415 ,
2483 2360 2654 2401 sumo
2687 2363 2766 2402 ex
2790 2343 2834 2408 4

653 2440 908 2502 Schedis
948 2446 1014 2501 in
1051 2441 1264 2502 eodem
1294 2463 1389 2503 ms
1413 2447 1662 2525 repertis
1680 2490 1696 2519 ,
1761 2464 1915 2525 quae
1954 2447 2258 2503 continent
2297 2441 2608 2524 periochas
2651 2464 2833 2527 quas-

654 2543 795 2605 dam
838 2543 919 2604 ad
964 2546 1189 2629 aliquot
1234 2546 1504 2608 eiusdem
1543 2549 1829 2628 poematii
1869 2546 2076 2607 libros.
2160 2546 2439 2607 videntur
2465 2556 2666 2606 autem
2691 2548 2835 2607 illae

652 2647 728 2704 ab
785 2646 997 2706 eadem
1045 2669 1233 2708 manu
1281 2656 1649 2731 conscrIptae
1694 2670 1848 2731 quae
1887 2648 2158 2709 codicem
2205 2660 2574 2708 exaraverat.
2658 2670 2835 2729 porro

653 2750 723 2806 in
750 2751 882 2828 ipso
913 2769 1008 2809 ms
1042 2751 1121 2809 ad
1149 2753 1255 2810 lib.
1284 2757 1324 2817 8
1349 2774 1410 2812 v.
1438 2751 1580 2828 845,
1625 2763 1693 2811 ut
1718 2772 1933 2812 moneo
1961 2755 2026 2809 in
2051 2763 2190 2810 nota
2219 2750 2298 2808 ad
2323 2747 2580 2808 eundem
2609 2751 2835 2830 locum,

656 2849 808 2911 haec
834 2853 1143 2931 leguntur:
1202 2854 1301 2912 hic
1343 2854 1697 2914 describiutr
1735 2853 2068 2913 mortalitas
2094 2854 2271 2933 quasi
2295 2852 2601 2930 sicutsuit
2634 2853 2838 2931 13483

657 2965 717 3013 et
742 2953 1023 3034 periocha
1066 2954 1144 3013 ad
1184 2954 1443 3014 eundem
1474 2957 1676 3014 locum
1708 2955 2072 3036 respondens
2098 2956 2183 3013 sic
2211 2972 2274 3012 se
2298 2952 2516 3013 habet:
2560 2954 2840 3014 describit

659 3056 1078 3116 mortalitatem
1092 3101 1117 3130 ,
1164 3068 1224 3116 et
1237 3060 1481 3136 proprie
1501 3059 1798 3139 sicutsuit
1823 3056 1983 3121 1348
2015 3067 2072 3114 et
2096 3055 2437 3114 Mediolani
2467 3058 2649 3121 1360·
2693 3055 2841 3116 hino

659 3162 895 3218 etiamsi
952 3161 1167 3242 aliquis
1205 3180 1424 3238 negare
1472 3161 1730 3218 voluerit
1770 3156 2100 3217 Mediolani
2140 3161 2508 3237 exscriptum
2545 3157 2838 3236 codicem,

656 3263 872 3322 saltem
902 3282 982 3321 ex
1007 3282 1124 3344 quo
1149 3274 1418 3342 tempore
1453 3262 1772 3342 periochae
1810 3264 2065 3341 scriptae
2095 3263 2159 3319 in
2193 3279 2385 3342 eoque
2418 3261 2661 3320 relictae
2697 3263 2841 3320 fue-

657 3376 794 3423 runt
811 3410 827 3440 ,
872 3362 1200 3423 Mediolani
1222 3365 1397 3422 inum
1425 3368 1726 3424 exstitisse
1755 3362 2201 3423 concedendum
2232 3365 2365 3421 erit.
2399 3431 2426 3448 ο
2450 3360 2551 3421 hic
2586 3364 2838 3423 fortasse

659 3465 917 3524 eundem
945 3464 1214 3525 codicem
1243 3465 1395 3526 vidit
1424 3464 1722 3526 Iohannes
1750 3469 2034 3548 Aloysius
2062 3464 2449 3525 Guidobonus
2463 3510 2480 3541 ,
2539 3486 2717 3547 quem
2748 3468 2839 3525 ci-

660 3572 782 3630 tavi
830 3567 908 3627 ad
941 3569 1049 3627 lib.
1090 3572 1130 3633 6
1169 3590 1231 3629 v.
1271 3572 1395 3633 370
1438 3579 1496 3627 et
1534 3567 1613 3627 ad
1650 3569 1760 3627 lib.
1800 3571 1843 3632 7
1888 3588 1947 3627 v.
1977 3569 2133 3645 509,
2199 3571 2304 3650 qui
2336 3587 2575 3626 carmen
2604 3571 2841 3648 scripsit

660 3670 965 3753 hucusque
990 3675 1261 3750 ignotum
1280 3715 1296 3744 ,
1338 3681 1420 3728 'ut
1467 3681 1556 3729 est
1595 3673 1777 3728 etiam
1802 3672 1931 3750 ipse
1959 3677 2166 3751 poeta,
2231 3667 2306 3727 de
2336 3672 2547 3727 itinere
2579 3671 2840 3728 Galeatii

661 3777 882 3831 Mariae
911 3775 1186 3848 Sfortiae,
1234 3791 1371 3830 oum
1402 3773 1578 3830 illum
1610 3783 1779 3852 pater
1805 3776 1934 3832 eius
1964 3774 2310 3831 Franciscus
2336 3770 2667 3829 Ferrariam
2691 3772 2839 3826 mit-

664 3887 812 3934 teret
842 3878 905 3935 in
936 3894 1243 3935 occursum
1270 3874 1556 3933 Friderici
1582 3876 1731 3953 imp.
1775 3894 1929 3934 anno
1965 3872 2126 3939 1452
2161 3876 2425 3932 ineunte.
2509 3890 2702 3950 nuper
2739 3871 2842 3927 bi-

660 3976 995 4038 bliothecae
1026 3979 1454 4037 Ambrosianae
1502 3978 1823 4057 acquisitus
1870 3977 1984 4035 fuit
2019 3973 2183 4034 idem
2219 3974 2706 4034 membranaceus
2734 3991 2842 4032 co-

666 4079 786 4140 dex
834 4081 1066 4139 oblatus
1110 4082 1379 4139 Galeatio
1408 4081 1669 4153 Mariae,
1734 4081 1836 4160 qui
1876 4089 2010 4159 post
2041 4087 2299 4136 mortem
2333 4078 2517 4155 patris
2558 4075 2674 4132 fuit
2715 4074 2844 4134 dux

660 4182 1018 4258 Mediolani,
1078 4192 1147 4241 ut
1188 4183 1437 4241 coniicio
1475 4200 1553 4238 ex
1595 4191 1909 4240 stemmate
1951 4183 2016 4238 in
2058 4181 2242 4259 priori
2271 4180 2490 4258 pagina
2519 4180 2681 4257 picto
2705 4197 2843 4236 cmn

664 4287 797 4346 aliis
825 4285 1151 4347 ornatibus.
1231 4285 1475 4346 titulum
1515 4281 1676 4343 hunc
1719 4304 1861 4365 prae
1905 4261 2157 4342 se'fert:
2199 4281 2318 4342 ad.
2342 4278 2464 4342 lu.
2490 4282 2582 4340 P.
2612 4280 2844 4341 Galea:
