3210 5200
596 397 670 447 vt
1470 371 1910 444 MEBUHRII

598 547 785 607 venit.
868 544 977 606 sed
1016 542 1179 627 quod
1221 541 1393 604 li'tem
1433 540 1712 602 dirimere
1749 540 1912 615 dixi,
1959 537 2078 600 hoc
2103 550 2226 600 est:
2267 550 2404 599 ante
2426 537 2541 599 hos
2571 542 2652 604 10
2676 560 2787 600 an-

602 670 713 708 nos
730 694 746 725 ,
792 650 1009 729 egestis
1051 664 1131 705 ex
1167 647 1331 726 Ulpii
1359 646 1477 704 fori
1504 664 1643 704 area
1670 640 1983 704 ruderibus
2001 689 2018 720 ,
2060 645 2303 703 inventa
2331 644 2449 701 fuit
2472 643 2633 702 basis
2663 653 2788 703 sta-

602 761 741 810 tuae
765 752 970 808 Flavio
997 747 1347 809 Merobaudi
1375 768 1513 807 cum
1534 748 1837 815 luculento
1863 747 2038 805 titulo
2066 749 2314 825 positae,
2347 762 2528 825 quem
2555 747 2629 804 cl.
2647 748 2786 823 Fea,

603 855 1043 913 strenuissimus
1086 853 1451 933 antiquitatis
1497 852 1840 930 explorator
1855 895 1873 925 ,
1918 848 2220 927 evulgavit
2264 846 2605 927 eruditeque
2644 847 2790 907 inu-

603 958 829 1016 sti-avit.
914 957 1218 1033 integrm
1257 973 1584 1034 apponam,
1630 956 1914 1035 quoniam
1942 951 2221 1011 libellum
2238 995 2255 1026 ‚
2301 969 2419 1031 quo
2455 949 2788 1028 exhibetur,

600 1060 806 1138 paucis
830 1058 898 1117 in
929 1058 1245 1116 Germania
1267 1060 1467 1116 visum
1496 1076 1625 1117 esse
1649 1058 1921 1115 arbitror.

774 1156 875 1219 H.
909 1160 1278 1220 Membmcdi
1308 1144 1427 1221 5²3⁷
1450 1181 1601 1219 com.
1632 1178 1717 1218 sc.
1750 1193 1838 1206 —
1868 1158 1968 1216 R.
2001 1152 2392 1226 Mmbaudi,
2432 1172 2619 1236 aeque
2632 1156 2797 1235 fhrti

608 1272 665 1320 et
694 1261 867 1321 ώσω
894 1265 1050 1340 viro,
1098 1274 1226 1322 tam
1240 1264 1457 1343 facere
1493 1262 1812 1322 laudanda
1841 1280 2027 1341 quam
2057 1260 2318 1317 aliorum
2325 1258 2514 1337 sacta
2542 1258 2794 1318 laudare

598 1366 933 1443 praecipuo
945 1384 972 1438 ,·
1036 1368 1325 1424 castrensi
1356 1369 1714 1444 experientia
1752 1364 1962 1435 clam,
1990 1362 2306 1442 facundia
2344 1359 2445 1419 vel
2478 1362 2796 1421 otio-comm
2883 1390 2901 1404 ·

609 1465 815 1523 suedia
851 1485 1228 1544 supergresso
1246 1487 1273 1540 ;
1318 1469 1421 1524 cui
1457 1488 1499 1524 a
1540 1468 1882 1546 crepundiis
1909 1456 2037 1545 pa)-
2075 1464 2314 1522 virm
2351 1472 2407 1520 el
2431 1455 2796 1544 eloquentiae

612 1584 762 1625 cura
789 1564 1100 1645 ingenium
1114 1608 1141 1638 ,
1188 1569 1276 1624 ita
1281 1568 1644 1647 fortitudini
1670 1579 1742 1627 ut
1768 1568 2072 1626 doctrinae
2107 1575 2321 1623 natum
2333 1606 2361 1635 ,
2404 1560 2544 1624 stilo
2571 1579 2629 1624 et
2651 1568 2798 1648 gla-

610 1668 709 1729 dio
749 1670 985 1747 pariter
1022 1672 1297 1728 exer-cuit.
1387 1690 1496 1728 nec
1529 1673 1596 1730 in
1626 1668 1853 1728 umbra
1888 1666 1990 1725 vel
2022 1665 2267 1724 latebris
2290 1671 2505 1727 menae
2536 1673 2801 1751 vigorem

610 1770 876 1829 scholari
903 1781 1140 1828 tantum
1166 1774 1285 1829 otio
1312 1782 1537 1851 torpere
1544 1792 1772 1851 passus
1781 1814 1807 1842 ‚
1848 1770 2003 1827 inter
2028 1786 2204 1825 arma
2234 1766 2446 1823 litteris
2472 1772 2804 1846 militabat,

613 1884 671 1930 et
695 1875 762 1931 in
783 1871 1054 1950 Alpibus
1076 1872 1332 1932 acuebat
1353 1874 1674 1953 eloquium.
1764 1868 1896 1928 ideo
1921 1869 2021 1927 illi
2042 1870 2216 1926 cessit
2235 1871 2301 1925 in
2314 1872 2656 1946 praemium
2681 1890 2806 1932 non

571 2012 585 2025 ·
613 1973 870 2032 verbena
905 1974 1047 2034 vilic
1059 2016 1086 2046 ,
1144 1996 1252 2034 nec
1284 1978 1471 2035 otiosa
1500 1974 1758 2045 hedera,
1796 1972 1984 2031 honor
2015 1972 2230 2049 capitis
2255 1965 2614 2031 Heliconius
2628 2017 2652 2045 ,
2699 1977 2811 2034 sed

611 2074 814 2157 infigo
847 2074 982 2135 aei-e
999 2076 1280 2156 firmata
1292 2121 1320 2150 ,
1372 2099 1488 2159 quo
1517 2077 1650 2134 rari
1683 2074 1936 2153 exempli
1959 2076 2117 2132 viro-s·
2127 2115 2155 2144 ,
2197 2093 2301 2130 seu
2331 2075 2397 2130 in
2426 2079 2637 2134 caetris
2652 2099 2806 2156 pro-

613 2179 782 2238 batos
809 2198 915 2238 seu.
936 2180 1188 2257 optime
1213 2190 1449 2252 vatum,
1496 2180 1830 2259 antiquitas
1854 2175 2205 2235 honorabat.
2299 2177 2463 2254 quod
2485 2177 2630 2236 huic
2654 2202 2805 2260 quo-

374 2307 425 2361 p.
459 2286 591 2342 VIII
624 2303 740 2365 que
761 2302 901 2342 cum
925 2283 1365 2362 augusa’ecimis
1394 2284 1598 2341 Roma
1623 2278 2011 2360 principibu-5
2024 2320 2051 2350 ,
2112 2276 2433 2341 Theodosio
2462 2290 2519 2338 et
2548 2283 2809 2343 Placido

629 2384 1095 2457 Valentiniano,
1143 2405 1343 2443 rerum
1366 2385 1627 2444 dominic
1637 2425 1664 2455 ,
1709 2385 1777 2441 in
1787 2383 1937 2462 jbro
1980 2382 2159 2460 Ulpio
2184 2380 2522 2440 detulertmt
2537 2406 2563 2458 ;
2606 2405 2809 2446 remu—

616 2497 893 2546 nerantes
928 2489 995 2544 in
1032 2490 1164 2546 viro
1199 2490 1488 2568 antiquae
1526 2485 1856 2546 nobilitatis
1870 2528 1897 2558 ,
1948 2474 2139 2542 novae
2168 2483 2439 2563 gloriae,
2492 2486 2595 2545 vel
2628 2489 2816 2548 indu-

617 2591 830 2650 striam
866 2590 1188 2650 militarem
1225 2590 1325 2650 vel
1361 2611 1603 2650 carmen
1618 2633 1644 2661 ,
1683 2591 1865 2647 euius
1881 2589 2206 2667 praeconio
2229 2588 2433 2667 gloria
2459 2591 2832 2671 triumphali.

620 2700 806 2757 crevit
830 2700 1095 2775 imperio.
1135 2731 1221 2743 —
1252 2685 1533 2756 dedicata
1558 2695 1599 2758 4
1623 2697 1771 2754 Kal.
1805 2695 1981 2774 Aug.
2017 2715 2206 2755 eon-sc.
2237 2676 2395 2753 ἴῇ.
2425 2676 2584 2754 JVN.
2624 2698 2813 2758 ΊῚιεο-

621 2800 784 2858 dosio
818 2796 897 2862 15
926 2809 983 2855 et
1022 2798 1447 2859 Valentiniano
1474 2795 1536 2860 4.

792 2904 923 2959 Iam
959 2921 1098 2960 vero
1142 2888 1294 2980 quae
1335 2897 1437 2957 hic
1468 2908 1526 2957 et
1557 2898 1623 2956 in
1650 2895 1997 2978 panegyrici
2026 2898 2393 2978 praefatione
2423 2900 2704 2980 leguntur
2727 2905 2814 2964 ita

623 3002 804 3084 plane
847 3004 1088 3082 gemina
1136 3011 1309 3077 sunt,
1365 3012 1433 3060 ut
1473 3009 1671 3061 orator
1716 3021 1795 3059 ex
1835 3003 2214 3081 inscriptIone
2231 3046 2248 3077 ‚
2291 3003 2529 3081 publico
2569 3004 2816 3067 honoris

623 3115 1033 3181 monumento,
1079 3102 1290 3163 laudes
1315 3121 1452 3163 suas
1474 3104 1846 3163 transtulisse
1870 3102 2162 3162 videatur.
2247 3100 2348 3161 hic
2373 3105 2629 3184 legimus
2657 3111 2819 3168 ima-

618 3209 831 3290 ginem
869 3227 1005 3266 aere
1024 3206 1369 3287 firmatam
1395 3207 1462 3265 in
1477 3208 1820 3285 praemium
1861 3208 2097 3266 cessisse
2122 3205 2490 3267 Mer-obaudi
2498 3253 2524 3281 ,
2569 3211 2695 3270 illic
2723 3215 2821 3273 vi-

630 3322 799 3371 cturo
846 3330 984 3369 aere
1008 3308 1357 3389 firmatum
1398 3321 1689 3369 oratorem
1702 3332 1728 3386 ‚·
1796 3308 1897 3369 hic
1934 3310 2202 3368 Romam
2243 3329 2381 3367 eum
2411 3313 2792 3392 principibus
2790 3360 2819 3387 ,

629 3413 755 3471 illic
777 3413 1043 3470 Romam
1068 3433 1207 3470 cum
1217 3415 1497 3492 principe
1514 3411 1676 3472 hunc
1697 3411 1988 3473 honorem
2012 3410 2327 3487 detulisse3
2370 3409 2471 3469 hio
2497 3415 2622 3472 eius
2634 3437 2822 3494 prae-

631 3516 802 3574 conio
820 3513 1088 3595 gloriam
1114 3516 1472 3595 triurnplzali
1493 3518 1741 3575 crevisse
1769 3516 2042 3595 imperio,
2068 3513 2194 3573 illic
2214 3535 2325 3593 pro
2351 3514 2635 3576 laudibus
2649 3519 2825 3577 Aestii

630 3626 894 3678 statuam
931 3615 1232 3677 decretam
1273 3639 1425 3678 esse.
1512 3640 1582 3679 ea
1621 3617 1891 3678 dedicata
1923 3620 2039 3677 fuit
2068 3633 2225 3676 anno
2257 3616 2416 3692 4353
2462 3623 2822 3698 consulatus,

631 3721 738 3802 qui
762 3705 1121 3801 panegyrico
1154 3732 1428 3797 ornatur,
1473 3732 1607 3801 post
1636 3722 1918 3781 undecim
1946 3739 2135 3779 annos
2168 3719 2514 3780 subsecutus
2545 3733 2670 3780 est:
2712 3742 2826 3782 ve-

634 3842 774 3882 rum
801 3827 1022 3884 summi
1050 3823 1295 3906 quidem
1323 3824 1567 3885 honoris
1605 3845 1826 3884 nomen
1864 3843 2058 3904 nuper
2082 3823 2197 3882 sibi
2222 3822 2504 3881 collatum
2538 3843 2704 3902 esse3
2749 3823 2825 3883 de

633 3936 901 4006 tempore
939 3944 1057 4009 quo
1090 3939 1349 3989 statuam
1380 3927 1672 4007 acceperit
1705 3925 1862 3986 nihil
1891 3927 2133 3987 omnino
2161 3937 2475 3985 memorat.

800 4030 1008 4111 Neque
1042 4041 1134 4091 est
1161 4029 1326 4113 quod
1352 4031 1682 4110 suspicetur
1708 4030 1954 4113 aliquis,
2004 4027 2134 4086 fieri
2158 4043 2334 4106 posse
2357 4037 2426 4086 ut
2454 4028 2829 4107 Quintianus,

629 4150 817 4213 quem
840 4129 1051 4191 laudes
1080 4135 1241 4193 Aetii
1267 4135 1549 4192 cecinisse
1582 4141 1843 4207 constat,
1895 4128 2111 4190 eode'm
2149 4128 2379 4189 honore
2419 4138 2660 4190 ornatus
2692 4131 2832 4189 fue-

636 4237 745 4295 rit:
787 4255 932 4294 nam
959 4232 1261 4312 Sidonius,
1307 4239 1410 4319 qui
1437 4244 1668 4297 statuae
1697 4231 2050 4294 Merobaudi
2076 4229 2334 4292 tributae
2358 4242 2426 4292 ut
2452 4235 2540 4292 rei
2565 4234 2834 4292 maxime

634 4335 717 4396 ad
745 4335 1100 4398 memoriam
1124 4339 1379 4421 insignis
1406 4339 1684 4399 meminit
1700 4384 1718 4417 ,
1765 4335 1912 4399 dum
1939 4323 2328 4413 Quintianum
2355 4333 2581 4397 hedera
2611 4346 2704 4395 ter
2731 4354 2836 4394 co-
