3210 5200
618 398 759 471 190
1195 395 1555 465 -CORIPPI
1603 393 1718 462 DE
1767 392 2177 463 LAUDIBUS
2259 402 2263 407 '

777 573 1050 645 coeperat
1079 566 1382 642 Augustae
1406 563 1608 621 felicia
1640 579 1880 642 carpere
1909 580 2154 620 mensae

776 668 997 746 gaudia
1016 711 1033 740 ,
1084 668 1317 745 regales
1348 667 1555 744 epulas
1584 676 1644 723 et
1676 663 1874 722 dulcia
1899 662 2123 722 Bacchi

774 788 1058 842 munera,
1104 786 1258 849 quae
1288 769 1537 846 Sarepta
1563 767 1768 840 ferax,
1815 786 1968 846 quae
2006 764 2162 823 Gaza
2193 773 2440 839 crearat,

772 872 1029 928 Ascalon
1059 880 1118 926 et
1147 872 1317 928 laetis
1343 869 1589 926 dederat
1617 889 1769 949 quae
1799 871 2022 927 Graeca
2048 869 2294 940 colonis,

647 974 732 1036 90
773 993 1001 1052 quaeve
1033 975 1278 1052 antiqua
1307 975 1536 1050 Tyros,
1583 990 1737 1051 quae
1767 972 1979 1030 fertilis
2003 970 2203 1028 Africa
2233 968 2433 1041 mittit,

775 1093 929 1152 quae
963 1076 1196 1147 Meroe,
1240 1092 1392 1153 quae
1419 1071 1718 1152 Memphis
1753 1071 1965 1148 habet,
2012 1092 2165 1152 quae
2197 1070 2448 1128 candida
2483 1070 2746 1150 Cyprosg

774 1193 1047 1254 quaeque
1076 1176 1277 1233 ferunt
1304 1186 1532 1234 veteres
1562 1186 1795 1233 maturo
1827 1175 2032 1232 robore
2059 1176 2230 1245 vites,

773 1297 923 1357 quas
955 1279 1229 1336 manibus
1255 1280 1508 1358 propriis
1538 1274 1778 1335 Ithacus
1803 1276 2093 1355 plantavit
2115 1277 2380 1357 Ulysses,

772 1399 921 1458 pace
950 1380 1060 1438 sub
1090 1382 1272 1438 Iliaca
1298 1382 1536 1440 Laertia
1565 1380 1776 1437 limina
1806 1397 2066 1449 servans,

646 1479 729 1544 95
771 1480 1039 1540 nondum
1068 1485 1317 1540 Troiani
1342 1484 1535 1540 vitans
1565 1480 1908 1539 discrimina
1931 1481 2114 1552 belli3

775 1601 1048 1664 quaeque
1075 1583 1511 1663 Methymnaeis
1541 1587 1836 1663 expressit
1862 1584 2052 1641 cultor
2077 1581 2151 1637 ab
2179 1578 2347 1652 uvis3

775 1687 989 1763 pocula
1021 1706 1173 1764 quae
1200 1689 1386 1743 vitreo
1415 1687 1744 1763 flagrabant
1766 1688 1943 1764 plena
1973 1687 2245 1742 Palemo-

774 1790 966 1863 prisca
995 1788 1318 1845 Palaestini
1344 1790 1669 1845 miscentur
1692 1785 1846 1844 dona
1871 1787 2077 1864 Lyaei,

776 1888 910 1945 alba
944 1891 1138 1946 colore
1174 1890 1360 1964 nivis,
1401 1886 1745 1968 blandoque
1773 1889 2074 1946 levissima
2105 1897 2308 1965 gustu.

611 1992 732 2054 100
772 1990 939 2048 fusca
970 1989 1192 2048 dabant
1219 1991 1385 2049 fulvo
1417 1988 1788 2068 Chrysattica
1815 1992 1953 2046 vina
1976 1991 2243 2061 metallo,

775 2109 928 2170 quae
963 2103 1174 2150 natura
1202 2095 1357 2172 parit
1383 2091 1600 2172 liquidi
1627 2112 1746 2149 non
1775 2089 1978 2169 indiga
2006 2092 2238 2165 mellis3

772 2205 832 2251 et
865 2195 1131 2252 Gar-isaei
1159 2196 1518 2274 permiscent
1552 2213 1771 2252 munus
1805 2191 2022 2252 Iacchi.

772 2306 979 2354 cuncta
1009 2299 1141 2377 quis
1171 2295 1483 2375 e'1pediet,
1529 2294 1787 2354 dominis
1820 2315 1973 2376 quae
2005 2295 2253 2373 parturit
2283 2292 2443 2351 orbis

770 2401 1037 2458 Romano
1075 2416 1346 2479 quaeque
1379 2409 1469 2457 est
1495 2402 1800 2478 provincia
1836 2396 2070 2457 subdita
2098 2392 2327 2473 regno?

605 2501 723 2567 105
768 2500 917 2561 haec
945 2522 1164 2581 magno
1192 2503 1343 2560 luxu
1377 2519 1719 2581 quanquam
1748 2501 2045 2558 cumulata
2075 2496 2430 2571 redundent,

765 2608 1054 2685 temperie
1085 2608 1259 2664 solita
1288 2624 1505 2684 parvus
1537 2605 1705 2662 cibus
1733 2624 1833 2662 ore
1862 2602 2131 2662 modesto

767 2712 1022 2766 sumitur
1039 2752 1054 2780 ,
1099 2717 1159 2763 et
1195 2717 1485 2786 quantum
1514 2710 1708 2786 capiat
1737 2725 1908 2764 mens
1936 2707 2133 2765 sobria
2158 2713 2351 2781 potus,

766 2828 1015 2868 censura
1041 2820 1311 2868 servante
1338 2808 1607 2868 modum.
1694 2828 1833 2867 cura
1862 2811 1989 2886 ipsa
2015 2804 2264 2882 regendi

778 2913 1204 2990 clementisque
1242 2912 1475 2968 animus
1502 2930 1882 2989 praesumere
1913 2910 2148 2988 parcius
2177 2923 2344 2962 escas

604 3017 726 3081 110
768 3015 896 3072 iure
925 3014 1098 3085 facit,
1147 3022 1441 3090 potusque
1471 3032 1684 3091 parum
1713 3013 2001 3090 sapientia
2035 3009 2287 3088 quaerit.

770 3134 946 3173 aurea
977 3115 1291 3192 purpureis
1317 3123 1625 3190 apponunt
1650 3114 1873 3171 fercula
1903 3111 2129 3168 mensis

768 3215 1031 3296 pondere
1056 3235 1430 3293 gemmarum
1450 3217 1586 3293 plus
1615 3217 1839 3294 gravia.
1923 3214 2117 3290 pictus
2149 3210 2372 3290 ubique

769 3321 1129 3377 Iustiniauus
1163 3328 1307 3376 erat.
1395 3316 1655 3376 dominis
1684 3319 1911 3396 pictura
1936 3314 2228 3394 placebat,

766 3420 1222 3501 gaudebantque
1254 3423 1349 3479 sui
1376 3423 1661 3498 genitoris
1689 3421 1950 3497 imagine
1979 3420 2107 3475 visa

533 3582 537 3586 ,
599 3524 720 3589 115
763 3525 968 3581 felices
994 3526 1201 3601 geniti.
1285 3543 1457 3583 veras
1483 3523 1567 3580 ibi
1593 3542 1833 3580 cernere
1862 3539 2067 3599 posses

764 3647 960 3687 sacras
990 3627 1249 3705 effigies,
1291 3629 1575 3706 vivasque
1605 3622 1837 3681 adstare
1866 3632 2127 3700 putares.

762 3750 858 3789 ars
889 3741 946 3788 et
976 3732 1254 3788 materies
1279 3731 1509 3787 animas
1534 3727 1715 3785 simul
1740 3722 1958 3783 addere
1981 3732 2245 3803 possent,

764 3831 1025 3891 addendi
1055 3836 1295 3891 veniam
1325 3834 1441 3891 nisi
1471 3839 1564 3900 tu,
1609 3838 1850 3899 natura,
1889 3845 2163 3905 negares-

759 3936 1016 4014 ingeniis
1048 3933 1362 3994 homimun
1389 3945 1523 4014 post
1551 3944 1807 3992 mortem
1831 3935 2030 3990 vivere
2057 3931 2220 3987 fama

596 4042 715 4104 120
759 4059 1104 4097 concessum
1134 4049 1255 4096 est:
1303 4039 1527 4094 clarum
1554 4047 1753 4095 servat
1778 4056 1883 4094 sua
1913 4034 2100 4112 gloria
2127 4046 2371 4087 nomeu·

761 4143 888 4221 ipse
917 4138 1358 4219 triumphorum
1384 4160 1493 4218 per
1519 4140 1754 4217 singula
1786 4157 1926 4195 vasa
1960 4152 2204 4194 suorum

758 4245 1062 4302 barbarico
1098 4241 1406 4300 historIam
1434 4242 1561 4299 fieri
1588 4239 1973 4298 mandaverat
2002 4253 2167 4311 auro,

762 4357 1028 4426 tempore
1061 4364 1179 4425 quo
1207 4346 1393 4422 captis
1420 4345 1623 4403 iniecit
1651 4343 1848 4402 vincla
1877 4341 2146 4420 tyrannis
