3210 5200
848 425 939 493 m
968 423 1514 506 mammos
1562 424 1663 492 ιν
1711 428 2013 495 NOTAE.
2377 436 2524 508 265

500 594 645 656 682.
732 590 1210 668 Mastimanque]
1255 589 1393 649 vide
1439 600 1499 648 et
1546 590 1711 650 aliud
1752 594 2002 654 fortusse
2033 616 2252 656 nomen
2282 600 2524 662 alterius

336 679 597 736 numinis
624 678 1008 748 Maurorum3
1061 674 1225 755 quod
1247 677 1498 733 Martem
1522 677 1708 735 fuisse
1746 673 1994 740 coniicio
2024 703 2104 740 ex
2128 682 2391 761 epitheto
2415 688 2525 765 se-

337 785 489 822 rum.
581 764 668 820 sio
695 780 873 840 porro
910 779 1051 817 eum
1077 771 1250 818 vocet
1276 759 1450 819 Ovid.
1482 762 1738 820 Her-oid.
1774 767 1815 826 7
1860 767 2004 828 160.
2090 766 2254 826 idem
2291 772 2445 829 ,Mea
2483 778 2522 835 8

338 848 491 911 5873
523 843 963 926 plangentibus
987 844 1245 903 adsonat
1271 846 1438 917 echo,
1483 858 1542 905 et
1563 850 1733 906 Pers.
1773 849 1906 906 Sat.
1945 856 1975 914 1
2012 857 2163 916 1023
2215 855 2528 932 reparabi-

338 931 414 990 lis
439 934 698 991 adsonat
722 931 883 989 echo.
2379 999 2382 1000 ⁷

506 1021 651 1083 683.
736 1036 890 1074 cava
930 1035 1079 1073 saxa
1119 1017 1283 1095 Virg.
1316 1014 1481 1075 Aen.
1512 1022 1552 1081 8
1585 1017 1731 1082 566.
1819 1021 2046 1077 Lucan.
2080 1025 2122 1084 7
2151 1021 2307 1088 4223
2353 1025 2527 1082 Pan-

329 1121 606 1182 gaeaque
633 1122 782 1160 saxa
803 1100 1113 1157 resultant.

507 1190 652 1250 692.
737 1195 804 1244 ut
830 1187 993 1262 Virg.
1029 1187 1193 1244 Aen.
1228 1190 1268 1250 9
1298 1185 1452 1250 1253
1495 1206 1687 1243 rauca
1712 1207 1952 1246 sonan-s.

506 1275 650 1334 697·
733 1272 894 1346 Virg.
920 1271 1085 1327 Aen.
1124 1275 1163 1335 6
1197 1272 1319 1335 689
1352 1281 1409 1327 et
1439 1272 1477 1333 8
1507 1273 1663 1335 8693
1711 1293 1828 1330 nox
1861 1275 2005 1330 nsit.

502 1359 645 1419 708.
727 1374 821 1413 ms
849 1365 1127 1412 montem.
1220 1352 1330 1413 sed
1357 1365 1512 1412 recte
1546 1365 1636 1413 est
1663 1355 1825 1434 apud
1844 1355 2176 1416 Iohannem
2202 1361 2275 1420 L.
2304 1360 2378 1420 de
2405 1365 2528 1422 Bo-

334 1440 428 1498 nis
464 1440 528 1496 in
559 1441 660 1496 cit.
687 1445 963 1517 poilmste
999 1443 1031 1501 1
1060 1439 1184 1503 576
1210 1440 1308 1497 vel
1343 1442 1465 1502 627
1492 1450 1757 1498 mortem.

500 1523 648 1588 704.
714 1524 981 1603 fiat-tuna
1007 1526 1163 1603 regit
1187 1525 1352 1601 Virg.
1385 1525 1550 1581 Aen.
1589 1528 1668 1586 12
1697 1524 1844 1588 405.

500 1610 644 1672 708.
730 1610 894 1685 Virg.
919 1607 1083 1666 Aen.
1117 1611 1198 1672 12
1226 1613 1387 1674 6913
1442 1611 1740 1687 sanguine
1766 1620 1924 1667 terra
1952 1610 2189 1684 madet,
2249 1615 2529 1674 strident-

336 1713 451 1771 que
472 1691 792 1750 hastilibus
808 1713 1014 1750 aza-ae.

506 1780 651 1841 710.
735 1780 897 1855 Virg.
932 1777 1095 1835 Aen.
1132 1779 1206 1841 11
1243 1776 1398 1843 6343
1431 1780 1715 1856 permisti
1743 1778 1921 1837 caede
1951 1782 2217 1839 virorum
2240 1785 2525 1842 semiani-

338 1882 461 1922 mes
479 1862 802 1923 volvuntur
826 1864 981 1941 equi.
1615 1925 1616 1928 ,

503 1950 651 2012 711.
708 1947 1074 2026 ,Ῡὶτς.Αοη.
1102 1949 1183 2011 10
1208 1946 1368 2013 4103
1410 1950 1638 2006 socium
1657 1951 1848 2007 virtus
1871 1951 1989 2006 coit
2010 1953 2201 2010 omnis
2218 1954 2285 2011 in
2304 1974 2512 2012 unum.

501 2039 648 2097 712.
730 2034 897 2111 Virg.
926 2032 1091 2091 Aen.
1131 2036 1172 2095 2
1197 2033 1357 2097 2443
1402 2035 1679 2112 caecique
1685 2034 1924 2113 surore.

500 2117 647 2181 718.
730 2119 897 2196 Virg.
917 2117 1082 2175 Aen.
1119 2120 1196 2178 12
1223 2117 1380 2181 5403
1425 2119 1588 2176 dedit
1614 2119 1976 2198 obviafim
1995 2131 2262 2197 pectora.

498 2201 645 2267 715.
730 2201 937 2260 ὠιίσεε
960 2203 1200 2260 am'mas
1221 2204 1386 2281 Virg.
1427 2204 1648 2282 Georg.
1679 2208 1718 2266 8
1748 2204 1872 2270 495
1904 2215 1964 2262 et
1985 2207 2148 2263 Aen.
2181 2212 2220 2271 8
2258 2205 2398 2271 140.

501 2288 648 2351 718.
732 2288 896 2366 Virg.
935 2288 1154 2365 Georg.
1185 2292 1228 2351 2
1257 2291 1382 2351 282
1400 2322 1477 2332 -
1494 2293 1569 2352 83
1614 2289 1859 2347 horrida
1888 2292 2135 2349 miscent
2156 2291 2420 2370 proelia5
2463 2305 2524 2354 et

337 2376 376 2435 8
403 2374 562 2443 220,
604 2390 719 2428 neo
745 2390 868 2429 non
895 2373 1059 2429 Aen.
1097 2373 1178 2436 10
1214 2376 1330 2434 283
1362 2373 1601 2452 proelia
1629 2377 1894 2432 miscent.

505 2457 652 2519 719.
737 2456 901 2534 Virg.
926 2455 1091 2514 Aen.
1128 2456 1169 2520 5
1196 2456 1354 2520 499:
1397 2480 1583 2517 ausus
1625 2470 1683 2517 et
1717 2460 1842 2536 ipse
1867 2480 2056 2518 manu
2082 2460 2366 2518 iuvenum
2395 2472 2526 2520 ten-

341 2550 468 2597 tare
491 2538 773 2598 laborem.

508 2630 656 2692 720.
738 2623 871 2685 loh.
899 2628 973 2683 L.
1002 2623 1078 2684 de
1103 2629 1286 2687 Bonis
1317 2629 1362 2687 l.
1393 2649 1444 2687 o.
1471 2627 1593 2694 644
1623 2632 1793 2689 iuxta
1819 2629 1950 2689 cod.
1982 2634 2039 2689 A
2069 2629 2194 2694 274
2209 2630 2406 2704 fixus.

504 2714 649 2776 721.
734 2712 964 2791 excapit]
1009 2724 1241 2790 septem
1274 2733 1481 2773 versus
1507 2716 1792 2794 Virgilius
1833 2718 2044 2796 incipit
2071 2736 2151 2775 ex
2178 2714 2294 2776 hoc
2319 2718 2522 2789 verbe,

336 2795 753 2945 ιίἑιιιέὅΊΑεη.
786 2800 826 2862 8
854 2799 978 2864 818
1023 2807 1083 2855 et
1122 2801 1279 2874 822,
1336 2799 1376 2863 5
1412 2799 1524 2875 41,
1584 2805 1624 2864 9
1655 2804 1779 2865 258
1826 2811 1886 2859 et
1912 2806 2067 2878 768,
2129 2803 2210 2866 10
2242 2804 2401 2876 887,
2466 2812 2530 2860 et

505 2970 649 3031 727.
712 2965 976 3045 fatigat]
1023 2965 1237 3027 eodem
1264 2970 1449 3029 verbo
1477 2971 1763 3050 Virgilius
1792 2969 2010 3031 desinit
2044 2981 2361 3053 sequentes
2391 2983 2524 3030 octo

336 3069 540 3111 versus
560 3096 576 3127 ‚
623 3070 841 3130 nempe
868 3052 1029 3110 Aen.
1077 3060 1106 3117 1
1140 3053 1261 3118 284
1288 3064 1348 3113 et
1371 3058 1515 3131 820,
1559 3058 1601 3121 4
1634 3060 1793 3134 572,
1842 3060 1882 3123 5
1914 3059 2068 3134 258,
2114 3062 2152 3122 6
2182 3059 2263 3122 79
2295 3067 2354 3115 et
2379 3058 2522 3133 588,

342 3136 420 3199 10
450 3138 575 3200 804
601 3146 661 3194 et
699 3138 776 3200 11
812 3136 959 3199 714.

503 3225 647 3286 780.
713 3222 919 3298 flectit
945 3242 1123 3302 equos
1148 3224 1314 3302 Virg.
1345 3223 1506 3283 Aen.
1549 3231 1580 3291 1
1615 3231 1735 3290 160
1761 3240 1820 3285 et
1854 3228 1934 3290 10
1964 3227 2110 3290 577.

503 3308 650 3370 782.
735 3308 967 3384 quaerit
994 3309 1105 3365 iter
1136 3311 1302 3387 Virg.
1333 3310 1494 3369 Aen.
1527 3314 1569 3373 7
1596 3315 1740 3377 802.
1825 3310 1990 3370 idem
2013 3313 2175 3370 Aen.
2222 3308 2261 3374 5
2298 3314 2423 3375 226
2463 3322 2522 3370 et

338 3392 382 3452 9
412 3387 567 3451 7443
608 3391 859 3449 summis
886 3391 1144 3450 adnixus
1167 3394 1417 3454 viribus.

508 3477 653 3538 788.
738 3474 911 3533 dictis
936 3480 1149 3536 amices
1172 3481 1338 3558 Virg.
1367 3481 1532 3538 Aen.
1566 3484 1610 3543 2
1642 3478 1763 3544 147
1783 3523 1800 3554 ,
1843 3478 1883 3544 5
1911 3484 2055 3554 770,
2099 3483 2139 3544 8
2180 3484 2299 3543 126
2339 3490 2398 3537 et
2444 3484 2523 3543 10

339 3556 487 3622 466.
569 3557 733 3618 idem
756 3559 920 3619 Aen.
956 3563 1034 3623 11
1062 3561 1222 3627 5203
1266 3567 1439 3624 dictale
1464 3565 1756 3623 hortatur.

506 3644 654 3707 735.
738 3647 1085 3724 exemplum
1108 3650 1275 3708 verbi
1288 3660 1536 3728 portare
1559 3670 1668 3729 pro
1686 3651 1858 3730 serre
1885 3651 1985 3708 vel
2010 3649 2298 3707 sustinere
2325 3645 2522 3706 adhue

342 3724 712 3788 desideratur
737 3733 916 3788 etiam
941 3735 1006 3788 in
1030 3736 1205 3793 novis
1234 3737 1671 3796 accessionibus
1699 3735 1778 3793 ad
1808 3736 2034 3795 lexicon
2058 3734 2397 3793 Forcellini.

504 3818 651 3880 786.
735 3816 886 3875 data
915 3820 1089 3895 copia
1113 3840 1363 3899 pugnae
1393 3823 1555 3899 Virg.
1585 3819 1748 3879 Aen.
1785 3826 1823 3886 9
1851 3826 1997 3886 720.

505 3900 652 3964 788.
733 3904 985 3961 summis
1011 3904 1239 3963 viribus
1269 3927 1466 3964 omnes
1497 3909 1664 3985 Virg.
1691 3906 1854 3964 Aen.
1892 3911 1932 3971 9
1963 3904 2110 3971 581.

506 3983 654 4045 789.
732 3990 898 4066 Virg.
945 3988 1164 4068 Geor-g.
1200 3988 1241 4052 4
1281 3990 1429 4053 1843
1474 3990 1649 4049 labor
1673 3991 1948 4050 omnibus
1972 4014 2149 4050 unus.
2250 4054 2254 4058 ,

511 4064 659 4131 748.
740 4073 1026 4150 Virgilius
1056 4077 1234 4132 unica
1259 4076 1387 4134 vice
1424 4074 1611 4137 habet
1643 4078 1817 4149 dicit,
1860 4087 1920 4135 et
1960 4077 2046 4143 24
2076 4076 2306 4138 vicibus
2345 4074 2526 4147 dixit;

348 4154 419 4203 ut
448 4146 604 4208 Aen.
637 4157 678 4215 2
702 4157 827 4217 876
865 4166 922 4213 et
949 4160 1026 4221 11
1056 4157 1203 4222 561.

511 4233 654 4298 744.
739 4259 967 4317 magna
992 4264 1129 4301 voce
1153 4246 1317 4323 Virg.
1350 4245 1512 4302 Aen.
1555 4250 1635 4310 12
1668 4247 1816 4313 580.

515 4315 662 4381 746.
740 4325 907 4403 Virg.
931 4327 1092 4384 Aen.
1137 4333 1211 4392 12
1239 4330 1396 4394 2843
1423 4331 1667 4411 ferreus
1690 4332 1925 4410 ingruit
1947 4330 2151 4388 imber.

516 4404 663 4465 747.
745 4410 908 4487 Virg.
952 4411 1167 4490 Geor-g.
1205 4415 1246 4477 4
1275 4418 1432 4481 8133
1476 4437 1653 4474 nervo
1667 4418 1954 4495 pulsante
1980 4418 2253 4495 sagittae·
