3210 5200
630 416 776 490 108
1241 467 1299 485 ..
1458 428 1473 453 ⁶
1549 415 1887 487 coml’l’l

795 582 1009 644 bellica
1036 580 1207 663 signa
1233 578 1476 660 videus,
1524 594 1831 644 concretas
1851 584 2100 666 pulvere
2121 595 2338 663 vestes,

789 687 1200 769 terribilesque
1224 686 1385 746 viros
1414 706 1566 768 quos
1595 688 1819 746 fecerat
1848 707 2059 768 aspera
2088 687 2323 749 caedes.

791 789 1039 864 loricas,
1084 807 1299 864 conos,
1342 789 1569 869 clipeos
1595 787 1951 872 gladiosque
1979 792 2263 864 minaces,

663 891 746 953 80
790 892 1060 970 cingula,
1106 891 1274 949 frena
1291 934 1310 967 ,
1356 911 1589 969 comas,
1633 912 1805 954 arcus
1835 891 2263 974 pharetrasque
2296 904 2592 970 sonantes,

786 993 1032 1073 pilaque
1066 1013 1435 1073 purpureum
1464 1005 1736 1075 spectant
1761 996 2055 1075 gestantia
2076 996 2304 1054 sermm

786 1096 1080 1172 sanguine
1105 1097 1392 1176 Massylo.
1477 1098 1743 1178 captivas
1769 1118 2007 1159 cernere
2032 1103 2275 1160 Mauras

652 1224 662 1236 ·
784 1196 873 1254 ire
899 1198 1093 1274 iuvat,
1127 1199 1314 1258 'celsis
1340 1200 1625 1279 inscripta
1652 1211 1721 1259 ut
1744 1202 1941 1261 fronte
1973 1203 2218 1262 camelis

786 1298 1128 1379 impavidae
1157 1298 1434 1377 sedeant,
1477 1322 1811 1385 parvosque
1834 1304 1946 1365 sub
1971 1305 2155 1363 ubere
2182 1313 2357 1365 natos

661 1400 745 1467 85
788 1405 1131 1461 contineant
1148 1446 1165 1477 ‚
1210 1422 1391 1462 ausae
1420 1406 1680 1483 geminis
1709 1406 1937 1465 ambire
1966 1408 2203 1467 lacertis

789 1507 1118 1565 sarcinulas
1143 1525 1324 1584 super
1351 1515 1411 1563 et
1437 1511 1610 1585 parvi
1631 1510 1930 1569 cimabula
1953 1509 2117 1568 lecti.

786 1606 912 1666 heu
938 1610 1190 1667 miserae
1213 1603 1468 1667 matres!
1553 1613 1723 1670 vultu
1756 1620 2061 1671 maerente
2089 1609 2380 1684 laborant,

785 1712 972 1791 impia
1003 1707 1180 1769 corda
1207 1720 1445 1788 gerunt.
1527 1714 1764 1772 miseris
1791 1712 1974 1773 modo
2005 1714 2295 1773 matribus
2318 1714 2482 1773 Afris

785 1813 911 1872 iam
934 1815 1156 1871 servire
1180 1814 1410 1871 volunt.
1494 1810 1831 1874 didicerunt
1854 1813 2034 1875 corda
2061 1813 2297 1876 dolores

659 1918 748 1984 90
788 1916 971 1995 impia
986 1960 1002 1990 ,
1049 1917 1461 1996 poenituitque
1489 1915 1754 1991 malum3
1799 1936 2039 1976 sensere
2066 1916 2232 1998 quod
2253 1928 2455 1977 essent

789 2018 950 2077 bella
978 2014 1241 2076 cavenda
1265 2017 1480 2091 nimis3
1528 2015 1816 2075 damnant
1841 2030 2149 2101 sortesque
2172 2018 2459 2102 deosque·

784 2142 900 2180 nec
933 2122 1096 2179 color
1118 2122 1247 2200 ipse
1270 2121 1387 2178 fuit
1412 2121 1660 2200 captivis
1688 2121 1964 2180 omnibus
1991 2142 2169 2182 unns.

789 2225 1066 2283 concolor
1085 2225 1190 2281 illa
1213 2222 1383 2282 sedet
1411 2243 1548 2282 cum
1574 2224 1762 2300 nigris
1791 2219 2032 2282 horrida
2052 2226 2232 2302 natis,

786 2345 1099 2385 corvorum
1124 2327 1314 2385 veluti
1338 2325 1543 2385 videas
1567 2327 1905 2404 nigrescere
1927 2327 2125 2406 pullos

655 2432 742 2499 95
783 2440 976 2489 matre
1006 2427 1253 2489 sedente
1282 2449 1491 2509 super,
1535 2428 1744 2487 solitas
1773 2447 1906 2486 cum
1933 2429 2183 2507 porrigit
2206 2448 2376 2489 escas

779 2555 883 2594 ore
894 2552 1054 2609 ‚cavo
1081 2533 1407 2614 pansisque
1434 2532 1648 2590 fovens
1675 2530 2092 2610 complectitur
2118 2532 2265 2592 alis:
2339 2529 2348 2538 ⁵

778 2636 1097 2698 horribiles
1123 2636 1323 2694 vultus
1349 2637 1548 2715 parvis
1574 2631 1887 2693 ostendere
1907 2635 2064 2693 natis

782 2736 929 2797 dum
952 2748 1152 2817 patres
1178 2748 1518 2818 matresque
1539 2737 1711 2796 libet.
1793 2738 1882 2796 sic
1914 2738 2124 2795 limina
2150 2732 2364 2817 templi

774 2841 1195 2919 magnanimus
1223 2837 1433 2897 ductor
1460 2841 1649 2917 signis
1674 2840 2091 2898 comitantibus
2116 2841 2346 2902 intrans

614 2946 736 3010 100
776 2944 966 3002 oravit
996 2939 1308 2998 dominum
1337 2942 1487 2998 caeli
1510 2951 1823 3019 terraeque
1850 2941 2169 3019 marisque,

775 3043 994 3104 obtulit
1020 3052 1079 3100 et
1107 3059 1361 3116 munus3
1404 3060 1677 3100 summus
1703 3037 1868 3120 qnod
1897 3061 2065 3100 more
2097 3039 2374 3105 sacerdos

776 3167 885 3228 pro
916 3143 1231 3225 redituque
1259 3142 1426 3203 ducis
1451 3163 1559 3223 pro
1586 3144 1877 3224 victisque
1906 3140 2176 3204 hostibus
2205 3165 2344 3204 arao

778 3249 1066 3328 imposuit
1082 3291 1099 3321 ,
1143 3244 1482 3327 Christique
1508 3248 1664 3326 patri
1690 3248 1978 3304 libamina
2004 3249 2226 3306 sanxit.

860 3351 1131 3430 Syrticus
1161 3351 1388 3409 interea
1418 3352 1709 3409 Carcasan
1745 3352 1986 3429 agmina
2015 3348 2224 3408 ductor

610 3455 731 3523 105
773 3454 991 3513 finibus
1019 3473 1051 3510 e
1080 3455 1336 3527 cunctis,
1380 3459 1569 3512 terror
1598 3472 1752 3533 quae
1780 3464 2074 3532 sparserat
2107 3456 2340 3532 ingens,

774 3554 1098 3630 contrahit,
1144 3566 1204 3614 et
1232 3559 1429 3616 tristes
1456 3557 1719 3614 lacrimis
1746 3555 1961 3614 affatur
1985 3557 2226 3615 obortis.

764 3652 927 3717 “non
955 3660 1040 3717 ita
1067 3657 1328 3718 deiectos
1357 3659 1672 3739 sperabam
1702 3678 1940 3717 cernere
1967 3660 2229 3732 Mauros,

769 3760 1097 3821 indomitae
1126 3772 1356 3840 gentes.
1440 3781 1751 3842 nunqnam
1778 3771 2088 3840 superatus
2113 3762 2382 3837 llasguas

770 3863 968 3923 nudus
997 3863 1166 3923 adest
1194 3867 1506 3946 victusque
1534 3863 1710 3923 redit.
1794 3874 2134 3943 matresque
2160 3880 2466 3941 nurusque

602 3970 726 4034 110
763 3965 1136 4047 perdidimus
1167 3954 1459 4045 natosque
1486 3968 1689 4025 simul.
1777 3963 1925 4047 quid
1951 3962 2209 4042 denique
2237 3972 2419 4021 restat

764 4072 830 4129 ni
861 4091 1023 4132 mors
1056 4072 1184 4130 sola
1213 4067 1404 4130 viris?
1448 4066 1596 4150 quid
1627 4088 1789 4127 nunc
1816 4062 2055 4149 placet?
2100 4084 2230 4124 esse
2264 4062 2543 4146 quietos?

594 4256 668 4310 77
696 4253 837 4308 bella
869 4256 922 4307 Τ
1145 4253 1214 4308 79
1248 4267 1403 4304 canos
1440 4253 1490 4303 Τ
1712 4250 1781 4306 83
1814 4257 1871 4304 ut
1908 4251 2032 4303 add.
2068 4250 2129 4303 M
2352 4254 2422 4308 84
2453 4250 2710 4322 impauide
2746 4252 2802 4303 Τ

594 4324 666 4377 85
698 4325 886 4393 ansae]
923 4321 1041 4375 alie.
1229 4324 1313 4377 ι8“1
1347 4322 1585 4373 laborans
1619 4322 1670 4373 Τ
1868 4322 1934 4375 89
1967 4320 2157 4373 sentire
2188 4321 2237 4375 Τ
2433 4323 2501 4375 98
2537 4321 2722 4374 lumina
2745 4321 2801 4375 '1'

599 4394 701 4446 1oe
731 4392 981 4463 terrisque
1005 4392 1056 4446 Τ
1257 4391 1358 4445 102
1391 4390 1539 4446 uictis
1561 4391 1675 4445 MT
1878 4390 1979 4446 103
2015 4390 2309 4461 christoque
2330 4399 2482 4462 pater
2504 4392 2568 4446 Τ.
