3210 5200
1026 316 1553 399 IOHANNIDOS
1601 329 1759 413 ΠΒ.
1809 333 1923 400 vl.
2405 349 2558 419 129

554 515 662 576 pro
692 495 881 575 patria
914 494 1132 555 timuit.
1213 499 1377 556 novit
1404 498 1564 558 ferus
1591 498 1792 556 omnia
1815 500 2024 559 Perses
2089 520 2096 529 ·

555 598 711 654 facta
739 598 884 671 viri,
927 597 1267 676 ingenium,
1309 599 1499 672 vires,
1544 601 1811 659 consulta
1830 644 1846 674 ,
1886 602 2148 679 labos-ea,

432 701 514 763 80
554 699 760 756 Martis
787 717 936 777 opus
968 700 1224 774 clarum,
1266 719 1589 779 pacemque
1622 700 1916 782 fidemque
1944 705 2286 786 benignam.

554 801 718 857 novit
742 801 806 856 in
832 800 1081 859 infensis
1105 819 1254 883 quae
1279 801 1421 858 fecit
1457 811 1517 857 et
1542 802 1741 859 Africa
1775 806 2022 866 Mauris,

557 902 731 957 novit
748 911 806 957 et
832 903 961 981 ipse
995 912 1166 981 pater
1194 886 1397 961 aecum
1423 902 1705 961 tolerasse
1736 903 1968 964 labores

556 1020 732 1079 saepe
760 1003 976 1061 virum.
1060 1004 1146 1061 sic
1169 1004 1350 1061 crevit
1374 1023 1569 1078 amor,
1610 1007 1696 1063 sic
1724 1017 1889 1084 grata
1920 1010 2190 1070 voluntas

559 1103 715 1159 inter
739 1112 1057 1184 utrumque
1085 1107 1310 1163 manet.
1392 1115 1623 1185 patrem
1647 1118 1815 1185 putat
1839 1110 1946 1166 ille
1975 1110 2333 1192 Iohannem3

435 1201 518 1268 36
559 1204 662 1260 ille
689 1215 856 1283 putat
881 1208 1150 1284 genitum
1176 1207 1413 1286 proprio
1450 1205 1523 1264 de
1549 1211 1837 1286 sauguine
1862 1223 2093 1271 natum.

562 1326 700 1385 ergo
730 1309 883 1366 inter
909 1328 1040 1367 sese
1068 1311 1252 1367 tristis
1278 1308 1554 1367 narrabat
1580 1320 1852 1391 uterque,

563 1411 813 1488 pervigil
848 1411 1093 1470 infausti
1123 1411 1386 1469 referens
1415 1412 1514 1489 pia
1541 1411 1752 1469 funera
1783 1413 1998 1492 campi.

563 1508 691 1569 dux
716 1514 878 1592 prior
905 1509 1077 1570 haec.
1153 1502 1359 1569 “vana
1391 1523 1479 1571 est
1507 1510 1820 1572 hominum
1848 1517 2153 1593 vigilantia
2180 1532 2340 1582 certe

560 1631 681 1670 non
705 1614 991 1692 vigilante
1024 1610 1167 1671 deo:
1210 1615 1462 1693 propriis
1485 1634 1607 1672 non
1629 1616 1850 1674 viribus
1877 1618 2037 1676 ullus
2116 1679 2127 1690 ,

439 1708 522 1776 40
562 1715 796 1772 vincere
822 1715 983 1773 bella
1008 1726 1237 1794 potest-3
1280 1717 1440 1775 solus
1480 1717 1583 1796 qui
1621 1717 1866 1774 conterit
1895 1714 2129 1794 hosteS,

562 1818 963 1895 omnipotens,
1022 1820 1126 1898 qui
1156 1830 1364 1877 cuncta
1384 1801 1902 1898 movet⁸vertitque
1929 1821 2190 1902 ruitque.

561 1936 683 1974 non
714 1929 915 1976 tamen
940 1921 1188 2003 excelso
1221 1924 1476 1979 nimium
1500 1923 1767 1979 Romana
1800 1940 2065 2000 propago

563 2019 753 2078 invisa
780 2031 870 2079 est
895 2018 1134 2081 domiuo
1153 2065 1170 2096 ‚
1220 2035 1383 2083 tanta
1409 2026 1563 2084 inter
1594 2025 1763 2080 mnia
1787 2043 2023 2101 pressos

564 2119 723 2201 quod
749 2124 937 2181 voluit
968 2125 1196 2184 salvare
1221 2146 1413 2185 meos.
1495 2144 1766 2204 reparare
1794 2127 2029 2185 ruinam

440 2218 524 2287 45
567 2224 889 2282 accelerare
912 2227 1136 2305 placet,
1176 2247 1445 2308 pugnam
1473 2237 1697 2284 tentare
1723 2237 1985 2305 repente,

566 2322 711 2382 dum
734 2327 920 2386 victor
942 2348 1188 2395 ,securus
1223 2330 1388 2387 abest
1412 2330 1752 2406 victumque
1784 2328 2060 2404 fugacem

568 2446 696 2484 esse
727 2438 916 2506 putat.
1000 2434 1140 2501 victi
1169 2433 1441 2512 quotiens
1467 2431 1659 2486 vicere
1691 2429 1975 2508 superbos

567 2529 754 2587 Marte
788 2528 980 2591 viros!
1028 2531 1200 2592 datur
1226 2544 1283 2590 et
1312 2533 1518 2612 paucis
1545 2532 1790 2587 victoria
1818 2530 2030 2587 maior.

567 2634 836 2708 consule,
881 2653 1013 2694 care
1031 2679 1048 2710 ,
1090 2636 1282 2713 magis
1305 2634 1520 2693 nostris
1551 2629 1695 2713 quid
1723 2642 2018 2710 competat
2044 2628 2287 2691 armis-’'

441 2729 528 2796 50
649 2735 823 2792 Tunc
846 2736 1118 2815 placidus
1141 2738 1428 2816 gravitate
1454 2753 1560 2794 sua
1585 2735 1929 2792 Recinarius
1956 2752 2062 2791 ora

570 2836 745 2894 solvit
764 2881 781 2912 ,
830 2841 1019 2898 amica
1050 2839 1187 2900 duci
1217 2840 1478 2898 referens
1506 2838 1774 2896 consulta
1796 2835 2048 2894 iubenti.

561 2928 885 2997 “divinum
909 2953 1171 3022 epectare
1203 2945 1372 3021 pium
1401 2951 1521 3014 est,
1563 2959 1598 2997 ο
1630 2957 1861 2997 summe
1887 2940 2198 3016 magister,

571 3041 885 3100 auxilium.
968 3064 1200 3123 pugnas
1227 3048 1441 3103 iterum
1469 3052 1697 3100 tentare
1730 3037 1878 3120 quid
1908 3041 2090 3098 instas
2109 3037 2140 3097 ’ἔ

570 3142 755 3201 virtus
783 3155 925 3202 nota
942 3158 1149 3205 movet
1175 3164 1545 3225 magnaeque
1576 3144 1841 3221 potentia
1878 3138 2122 3198 dextrae
2141 3157 2162 3199 z

443 3242 530 3309 55
570 3263 691 3301 non
714 3254 912 3303 tamen
942 3248 1236 3326 ambiguis
1269 3257 1444 3327 caput
1478 3245 1768 3303 obiectare
1795 3243 2030 3321 periclis

572 3365 730 3405 nunc
756 3365 905 3434 opus
937 3358 1046 3406 est.
1127 3346 1328 3408 hostes
1353 3349 1494 3405 fecit
1521 3347 1641 3403 fors
1675 3364 1850 3402 saeva
1879 3344 2163 3422 superbos

575 3445 944 3530 audacesque
972 3452 1213 3510 iuvans:
1267 3450 1602 3528 fugientum
1633 3446 1860 3524 proelia
1890 3465 2126 3524 semper

577 3550 793 3628 frigent
822 3549 997 3610 corda
1020 3564 1208 3611 metu.
1291 3552 1498 3612 mortis
1531 3547 1830 3607 confracta
1860 3565 2081 3624 pavore

576 3652 999 3731 virtus-magua
1025 3656 1218 3714 timet.
1299 3654 1445 3711 belli
1470 3650 1714 3712 sufferre
1744 3648 2034 3706 tumultus

450 3755 535 3817 60
574 3773 899 3833 paucorum
924 3765 1040 3830 est,
1084 3767 1219 3836 post
1250 3756 1409 3814 bella
1435 3756 1631 3832 magIs
1650 3795 1668 3826 ,
1712 3769 1865 3831 quae
1896 3747 2074 3808 caede
2103 3751 2322 3811 recenti

577 3876 921 3916 concussere
950 3861 1128 3918 viros.
1213 3876 1416 3937 sparsa
1444 3867 1532 3914 est
1562 3873 1699 3933 pars
1728 3855 1995 3911 maxima
2020 3865 2242 3930 nostra,

576 3956 685 4017 sed
713 3971 916 4024 manet
938 3961 1275 4020 incolumis.
1358 3957 1478 4017 huc
1510 3958 1693 4016 fortes
1729 3956 1975 4034 collige,
2023 3954 2249 4031 ductor,

577 4072 635 4118 et
658 4064 813 4121 vires
843 4082 1111 4142 reparare
1139 4064 1297 4138 iube,
1339 4071 1662 4139 gentesque
1691 4059 1927 4139 require

400 4205 475 4262 ει
510 4208 712 4264 insa-³.
736 4173 787 4266 ά·
964 4212 1032 4266 35
1064 4211 1165 4267 iate
1186 4213 1250 4268 Μ
1425 4209 1496 4263 42
1526 4213 1719 4263 tautum
1747 4209 1884 4262 σοι..)
1909 4206 2015 4264 ται
2213 4206 2284 4262 46
2302 4204 2451 4258 adest
2478 4200 2582 4258 m

399 4277 479 4331 49
512 4277 597 4347 qui
621 4280 672 4335 Τ
870 4281 939 4337 56
970 4298 1071 4336 non
1097 4284 1148 4336 Τ
1345 4280 1412 4336 62
1443 4281 1540 4333 hac
1566 4281 1642 4346 Τ,
1682 4295 1814 4333 nunc
1834 4278 1912 4334 M.
