3210 5200
613 313 759 385 196
1217 313 1551 380 CORJPPI
1599 314 1715 379 DE
1761 314 2176 380 LAUDIBUS

775 478 924 538 scire
950 479 1099 537 locis
1123 475 1383 536 humiles
1409 479 1628 558 quibus
1663 488 1722 535 et
1755 478 1972 557 quibus
1999 498 2102 535 ora
2129 479 2369 557 superbi

610 580 735 646 315
778 577 1137 658 expediant;
1179 589 1563 658 nostramque
1590 588 1798 657 petant
1818 577 1978 658 quod
2009 581 2241 656 mitiget
2273 582 2445 653 iram,

779 682 1257 759 prospiciantque
1286 700 1427 738 suae
1446 725 1462 755 ‚
1508 691 1819 759 poscentes
1849 676 2126 753 foedera,
2172 683 2352 738 vitae.

777 779 944 862 quod
966 791 1068 839 tua
1095 785 1355 840 ventosis
1381 784 1583 839 inflata
1616 782 1891 860 superbia
1919 781 2117 838 verbis

781 882 1038 956 iactitat,
1085 884 1336 961 ignavae
1356 886 1574 941 mentis
1600 881 1890 940 deformia
1916 880 2126 938 nudat.

781 982 926 1063 quid
958 985 1243 1062 profugos
1266 983 1509 1059 laudaS,
1552 985 1836 1063 famaque
1866 984 2087 1041 attollis
2119 984 2285 1040 inani

609 1088 735 1150 320
776 1096 1077 1145 extorrem
1100 1090 1392 1168 populum
1406 1085 1436 1145 ’ἒ
1480 1105 1633 1166 quae
1660 1086 1838 1143 fortia
1863 1104 2046 1162 regna
2081 1085 2336 1162 subegit,

777 1187 990 1246 efferra
1022 1206 1168 1264 gens
1195 1191 1459 1247 Avarum
1485 1190 1755 1266 proprias
1788 1185 2107 1243 defendere
2130 1196 2318 1246 terras

777 1309 901 1347 non
925 1291 1149 1368 potuit,
1191 1288 1484 1368 sedesque
1508 1308 1648 1346 suas
1674 1288 1925 1365 fugitiva
1953 1289 2215 1367 reliquit.

775 1401 842 1449 tu
870 1393 1036 1449 velut
1067 1392 1311 1468 ignarus
1336 1392 1508 1449 falsis
1531 1391 1869 1448 rumoribus
1898 1389 2082 1447 audes

775 1512 931 1551 vana
955 1494 1123 1571 loqui
1140 1535 1156 1565 ,
1202 1494 1478 1570 turpique
1510 1490 1650 1549 dolo
1674 1512 1830 1549 nova
1855 1493 2091 1549 somnia
2122 1490 2317 1568 fingis.

610 1593 738 1659 325
781 1592 945 1673 quod
973 1594 1083 1651 tibi
1111 1613 1272 1650 nunc
1303 1596 1500 1650 visum
1528 1604 1620 1651 est
1647 1604 1841 1651 vestro
1872 1591 2185 1671 adsignare
2216 1594 2426 1670 labori,

779 1694 1071 1751 militibus
1099 1697 1315 1762 nostris
1343 1692 1487 1751 ludo
1512 1695 1668 1751 solet
1697 1714 1827 1751 esse
1859 1692 2106 1751 diurno:

778 1791 897 1851 hoc
929 1791 1194 1850 studium
1231 1792 1485 1852 dominis
1501 1839 1518 1869 ,
1563 1815 1636 1852 ea
1662 1806 1799 1853 sunt
1823 1814 1930 1853 sua
1955 1797 2108 1853 seria
2133 1797 2344 1854 servis.

779 1906 1050 1953 sanctum
1078 1894 1194 1953 hoc
1224 1897 1545 1974 imperium
1570 1907 1694 1954 toto
1728 1899 1815 1954 sio
1849 1898 2048 1954 floruit
2072 1898 2234 1971 orbe,

778 1996 940 2055 bella
966 2017 1178 2075 gerens
1206 2017 1533 2078 pacemque
1559 2008 1756 2056 tuenS.
1825 2018 1935 2057 nos
1959 2018 2127 2055 more
2154 2012 2468 2076 parentum

610 2099 737 2161 330
773 2119 988 2178 pacem
1020 2099 1359 2178 diligimus,
1401 2120 1712 2181 nunquam
1737 2101 1863 2157 fera
1888 2100 2048 2157 bella
2072 2102 2375 2160 timemus.

768 2221 904 2279 -pax
936 2213 1027 2260 est
1054 2204 1336 2260 subiectis
1353 2245 1370 2276 ,
1413 2213 1664 2280 pereunt
1686 2222 1793 2280 per
1819 2203 1980 2261 bella
2011 2202 2287 2280 superbi3

778 2307 1079 2381 parcimus
1110 2307 1414 2379 innocuis,
1458 2307 1616 2364 sonti
1643 2325 1764 2362 non
1795 2307 2095 2383 parcimus
2128 2306 2259 2362 ulli.

780 2423 877 2463 res
907 2409 1175 2466 Romana
1208 2406 1306 2465 dei
1340 2418 1459 2479 est,
1501 2410 1753 2465 terrenis
1783 2426 1902 2463 nou
1933 2418 2069 2485 eget
2101 2411 2302 2466 armis.

778 2507 910 2565 iure
936 2512 1036 2587 pio
1062 2513 1242 2568 vivit:
1285 2511 1515 2567 bellum
1543 2528 1666 2567 non
1691 2510 1910 2584 ingerit
1936 2510 2112 2582 ultro,

613 2606 739 2672 335
780 2615 1026 2691 suscipit
1052 2614 1309 2671 illatum.
1394 2613 1492 2670 vel
1523 2613 1575 2669 si
1602 2612 1822 2668 servire
1849 2611 2156 2690 negabunt
2181 2657 2182 2660 η

780 2713 1048 2790 ingratae
1078 2726 1286 2792 gentes
1309 2758 1326 2787 ,
1370 2716 1633 2793 primum
1653 2722 1856 2769 tamen
1882 2712 2162 2770 admonet
2185 2709 2390 2770 hostes

775 2834 943 2872 more
970 2814 1343 2892 gubernandi
1368 2832 1385 2870 ε
1430 2817 1691 2872 monitus
1722 2816 1824 2893 qui
1852 2815 2098 2890 suscipit
2125 2815 2291 2887 istos»,

782 2915 929 2972 vivit
959 2925 1017 2972 et
1048 2936 1081 2973 a
1111 2918 1283 2973 nobis
1316 2917 1559 2971 meritos
1587 2925 1895 2992 exspectat
1921 2912 2198 2971 honores.

778 3017 1049 3096 quisquis
1074 3027 1235 3074 amat
1261 3035 1503 3094 pacem,
1547 3025 1710 3072 tutus
1735 3015 1844 3072 sub
1871 3034 2019 3092 pace
2042 3016 2345 3088 manebit3

610 3112 737 3179 340
778 3126 837 3174 et
872 3120 977 3197 qui
1007 3118 1167 3175 bella
1193 3119 1434 3191 volunt,
1477 3117 1774 3174 bellorum
1804 3116 1974 3174 clade
2006 3118 2304 3196 peribunt.

782 3238 930 3296 gens
956 3239 1342 3299 quaecunque
1370 3237 1514 3277 ausa
1545 3230 1636 3276 est
1661 3221 1930 3276 Romana
1961 3221 2250 3278 lacessere
2279 3222 2471 3298 signa,

776 3318 1009 3379 horruit
1033 3324 1322 3379 extinctas
1352 3323 1593 3400 inopino
1626 3323 1881 3379 fulmine
1911 3332 2159 3395 turmas»,

777 3424 1121 3482 innumeros
1143 3423 1428 3482 cecidisse
1455 3445 1593 3483 suos
1614 3470 1630 3500 ,
1674 3444 1963 3505 regesque
1992 3424 2277 3501 superbos

734 3568 745 3579 ·
777 3524 927 3585 vidit
957 3527 1066 3585 sub
1098 3529 1315 3585 nostris
1346 3523 1608 3583 humiles
1636 3527 1973 3606 fractosque
2002 3524 2343 3604 triumphis-

611 3628 736 3695 845
776 3649 917 3708 ergo
946 3632 1117 3708 sigua
1145 3631 1296 3686 meis
1326 3626 1573 3706 Chagan
1604 3631 1894 3686 contraria
1918 3630 2108 3705 signis

776 3732 932 3787 ferre
963 3740 1161 3809 parat,
1204 3731 1503 3810 lituosque
1530 3729 1685 3788 mihi
1714 3749 2074 3809 camposque
2107 3730 2371 3786 minatur

778 3853 928 3912 gens
955 3837 1250 3906 Avarum,
1294 3835 1358 3888 ni
1384 3843 1556 3910 pacta
1585 3831 1796 3891 damus
1812 3831 1842 3890 ’ἔ
1886 3842 2108 3889 terrore
2136 3833 2358 3909 putatis

779 3935 843 3994 id
872 3946 1140 3994 nostrum
1167 3937 1379 3992 fecisse
1412 3945 1645 4012 patrem
1665 3979 1681 4008 ,
1726 3937 2040 3992 miseratus
2072 3933 2275 4010 egenis

783 4049 843 4096 et
872 4038 1140 4116 profugis
1170 4035 1333 4115 quod
1362 4034 1515 4093 dona
1545 4033 1755 4094 dedit?
1809 4039 2030 4114 pietate
2056 4030 2303 4111 regendi

614 4143 739 4210 350
780 4139 895 4198 hoc
922 4141 1203 4211 facImus,
1249 4140 1549 4217 gratisque
1578 4135 1707 4195 dari
1733 4141 1968 4217 provisa
1996 4137 2293 4194 iubemus.

781 4252 979 4302 nostra
1006 4260 1219 4300 manus
1244 4241 1411 4319 larga
1438 4249 1526 4298 est
1544 4284 1562 4316 ,
1604 4261 1727 4300 non
1753 4237 2035 4319 prodiga:
2083 4237 2329 4320 perdere
2360 4241 2569 4315 nescit,
