3210 5200
626 358 773 430 182
1235 359 1569 427 CORIPPI
1617 360 1732 426 DE
1781 360 2190 427 LAUDIBUS

797 536 864 583 ut
889 521 1058 582 decet
1079 525 1315 603 imperii
1340 544 1514 584 veros
1538 521 1853 603 disponere
1877 535 2097 603 patres,

796 636 979 705 utque
1005 625 1190 704 pedes
1218 629 1488 705 proprios
1522 636 1581 684 et
1611 626 1880 684 membra
1907 628 2141 685 minora
2169 625 2387 683 fovete.

796 745 918 783 non
949 729 1149 786 minor
1177 738 1265 786 est
1293 728 1579 791 membris
1610 748 1748 785 cura
1779 725 2180 806 impendenda
2202 729 2468 787 minutis.

630 830 756 891 220
795 828 1148 908 obsequium
1176 827 1429 907 pedibus
1455 839 1701 885 naturae
1728 829 1864 906 lege
1889 828 2167 888 videmus

799 928 1070 988 admotas
1093 931 1377 1009 praebere
1402 949 1644 1003 manus,
1690 930 2013 1009 oculosque
2039 934 2342 989 ministros

796 1034 1095 1090 cernimus
1125 1051 1254 1090 esse
1280 1030 1540 1110 pedum,
1585 1032 1806 1111 quibus
1836 1032 2115 1089 inferiore
2139 1042 2400 1090 tuemur.

799 1145 940 1193 ante
968 1130 1154 1213 pedes
1182 1134 1422 1212 planate
1450 1133 1609 1190 vias:
1650 1150 1729 1189 ne
1755 1133 2002 1191 temnite
2030 1144 2262 1212 partem

794 1238 1031 1314 maguis
1059 1235 1270 1294 officiis
1295 1237 1664 1314 summisque
1692 1234 1993 1293 laboribus
2023 1245 2243 1313 aptam,

631 1336 755 1403 225
800 1358 916 1419 qua
949 1335 1186 1396 vehitur
1211 1348 1402 1396 totum
1428 1356 1664 1397 summo
1698 1355 1834 1393 cum
1864 1340 2083 1395 vertice
2115 1356 2350 1415 corpus.

800 1442 907 1520 qui
938 1438 1191 1519 pedibus
1226 1446 1399 1499 rectis
1430 1437 1728 1518 graditur,
1773 1439 1932 1496 mala
1958 1441 2125 1495 nulla
2153 1449 2409 1512 veretur,

799 1557 923 1599 non
952 1544 1124 1599 timet
1150 1540 1471 1600 offensam:
1514 1544 1707 1599 nescit
1733 1544 1830 1598 via
1858 1551 2017 1597 recta
2047 1542 2303 1597 ruinam.

800 1643 949 1721 quin
977 1652 1037 1699 et
1058 1661 1234 1700 causa
1264 1645 1351 1700 rei
1379 1645 1543 1701 cultu
1564 1654 1655 1702 est
1684 1640 1954 1700 ornanda
1988 1639 2233 1698 diurno:

799 1743 1002 1801 nullus
1027 1743 1147 1799 vile
1177 1752 1375 1819 putet,
1431 1742 1595 1823 quod
1619 1745 1787 1801 novit
1813 1744 2074 1825 corporis
2099 1762 2251 1800 esse.

631 1845 759 1907 230
802 1845 882 1902 sit
911 1863 1156 1902 censura
1179 1853 1449 1921 patrum,
1494 1847 1572 1903 sit
1599 1844 1914 1924 disciplina
1944 1862 2055 1920 per
2077 1843 2306 1900 orbem.

799 1947 1107 2023 priventur
1135 1943 1344 2004 caedes
1365 1948 1753 2025 populorum,
1794 1946 1988 2023 iurgia
2019 1954 2273 2002 cessent.

800 2048 1004 2105 nullus
1028 2046 1307 2106 laedendi
1328 2059 1529 2127 pateat
1558 2050 1724 2107 locus
1740 2093 1756 2122 ‚
1799 2067 1944 2105 usus
1968 2048 2212 2126 iniquae

800 2159 991 2208 cesset
1020 2153 1322 2209 avaritiae.
1406 2153 1686 2210 subiectis
1710 2151 1933 2228 parcite
1960 2148 2195 2219 nostris,

802 2251 956 2307 colla
983 2252 1374 2329 superborum
1400 2254 1773 2329 confringite.
1860 2251 2034 2327 culpa
2063 2257 2347 2306 nocentes

635 2350 760 2417 285
802 2356 1013 2432 puniat
1039 2354 1169 2431 ipsa
1194 2372 1367 2428 suos,
1413 2364 1723 2412 serventur
1758 2356 1887 2410 iura
1922 2352 2158 2430 quietis.

803 2452 924 2513 huc
957 2473 1129 2512 aures
1158 2463 1463 2535 totamque
1481 2501 1497 2530 ,
1539 2456 1686 2529 viri,
1737 2453 2028 2513 deflectite
2057 2463 2342 2526 mentem,

805 2577 1080 2640 quaeque
1106 2557 1216 2632 sit,
1262 2577 1342 2615 ex
1372 2556 1577 2633 dictis,
1621 2560 1803 2616 vestri
1826 2576 1991 2636 spes,
2038 2554 2245 2614 discite
2277 2552 2515 2614 nostris.

803 2661 1099 2737 agricolae
1127 2678 1233 2717 sua
1261 2680 1394 2717 rura
1426 2663 1661 2734 colunt,
1706 2661 1988 2739 cultuque
2023 2657 2239 2715 diurno

802 2759 1126 2837 implorant
1151 2761 1406 2835 fructus,
1453 2772 1513 2820 et
1540 2774 1759 2820 terram
1786 2780 2028 2819 vomere
2058 2757 2309 2834 findunt,

634 2856 759 2923 240
804 2859 1204 2937 dividiturque
1234 2861 1405 2918 bonis
1433 2873 1636 2938 gratus
1660 2863 1830 2919 labor
1851 2863 1955 2919 ille
1979 2859 2237 2917 colonis:

805 2981 943 3040 pars
973 2959 1188 3017 scindit
1215 2963 1419 3038 glebas
1437 3007 1453 3036 ‚
1495 2982 1634 3041 pars
1660 2964 1840 3021 sulcis
1865 2964 2093 3020 semina
2118 2958 2384 3037 mandat,

806 3080 946 3140 pars
976 3060 1237 3140 liquidas
1266 3061 1505 3120 deducit
1530 3084 1719 3144 aquas
1747 3062 2068 3141 hortosque
2101 3065 2359 3122 virentes

730 3203 737 3210 -
806 3165 1014 3242 irrigat
1040 3182 1110 3219 ac
1134 3166 1336 3222 tractis
1362 3167 1538 3223 satiat
1562 3169 1830 3244 pomaria
1862 3169 2026 3224 rivis.

804 3268 974 3324 novit
1001 3266 1159 3322 culta
1183 3285 1322 3325 suos
1351 3267 1530 3324 tellus
1556 3266 1743 3326 ditare
1773 3269 2043 3327 colonos:

636 3364 762 3431 245
802 3370 888 3425 sic
914 3369 1066 3424 bene
1093 3370 1444 3446 promeritos
1477 3366 1650 3428 donis
1679 3371 2012 3448 respublica
2040 3367 2208 3442 ditat,

806 3482 960 3529 terra
993 3471 1157 3527 velut
1182 3472 1455 3549 pinguis3
1503 3472 1672 3527 cuius
1691 3490 1829 3548 spes
1857 3490 2074 3550 magna
2103 3481 2341 3530 senatus

803 3570 904 3630 hic
936 3573 1104 3630 floret
1133 3575 1379 3648 virtute,
1426 3573 1572 3645 fide,
1620 3575 1935 3649 gravitate,
1984 3576 2198 3650 rigore.

802 3673 960 3734 hanc
988 3677 1326 3755 quicunque
1360 3676 1592 3747 colunt,
1633 3675 1891 3732 multum
1917 3675 2209 3734 mercedis
2241 3672 2560 3735 habebunt.

806 3776 971 3856 quod
998 3778 1125 3835 fisci
1156 3788 1273 3849 est,
1324 3777 1525 3834 nullus
1559 3779 1781 3854 rapiat:
1828 3781 2165 3855 cognoscite
2197 3777 2406 3835 fiscum

637 3877 762 3943 250
801 3882 1023 3936 ventris
1058 3876 1274 3936 habere
1303 3878 1500 3937 locum
1517 3922 1532 3950 ,
1571 3898 1679 3956 per
1707 3898 1889 3961 quem
1918 3883 2119 3938 omnia
2146 3882 2412 3939 membra
2441 3883 2729 3941 cibantur·

809 3993 1015 4039 venter
1047 3981 1151 4037 alit
1184 3998 1430 4060 corpus:
1477 3980 1657 4038 fuerit
1685 3983 1737 4039 si
1763 3993 1972 4040 venter
1995 3984 2209 4055 inanis,

804 4086 1006 4143 omnia
1032 4081 1309 4138 deficiunt
1327 4126 1342 4154 ,
1381 4091 1703 4141 tenuantur
1731 4085 1940 4143 robore
1971 4083 2261 4157 membra,

808 4196 868 4243 et
903 4194 1192 4242 contracta
1230 4186 1424 4262 rigent
1453 4185 1754 4243 arentibus
1786 4205 1917 4243 ossa
1946 4182 2251 4245 medullis.

806 4289 1006 4347 omnia
1037 4285 1338 4345 sufficiunt
1370 4289 1582 4344 sacrati
1607 4286 1921 4348 colmnoda
1947 4286 2094 4363 fisci,
