3210 5200
630 329 774 415 118
1374 336 1379 343 ”
1452 372 1459 379 ·
1547 326 1884 397 compr-1
2403 359 2427 388 ι

625 494 754 562 425
789 514 902 575 per
928 500 1167 574 gentem
1189 491 1441 553 transire
1466 482 1639 574 parat
1655 538 1675 570 ,
1730 462 1839 553 sed
1866 502 2355 575 nostra-potestas

794 616 1035 677 parcere
1063 596 1341 655 subiectis
1371 617 1612 677 semper
1639 594 1867 655 studet:
1913 615 2076 654 arma
2102 607 2372 656 tenentes

797 699 1155 756 conterimus
1180 698 1432 777 populos
1449 742 1465 773 ,
1525 696 1788 756 humiles
1822 700 2079 757 ascimus
2111 701 2355 759 amicos.

797 800 881 858 ite
897 843 915 874 ,
959 800 1071 857 viri
1082 804 1107 856 ἐ
1150 801 1201 857 si
1231 812 1387 858 certa
1409 799 1557 859 fides
1580 819 1716 857 mea
1742 797 1983 858 foedera
2007 803 2233 879 poscit,

800 899 1015 961 tradite
1040 911 1235 958 vestra
1262 904 1415 961 meis
1442 913 1721 961 natorum
1749 903 2000 990 pignora
2031 904 2236 960 castris
2253 944 2271 975 ,

629 999 757 1066 480
798 1012 858 1060 et
885 1020 1097 1081 pacem
1123 1002 1370 1060 retinete
1394 1023 1616 1062 meam.
1702 1022 1891 1081 genus
1928 1020 2111 1059 omno
2132 1000 2398 1063 manebit

798 1124 1074 1165 securum
1098 1106 1397 1164 Astricum
1417 1116 1620 1165 nostro
1644 1105 1754 1164 sub
1781 1105 2051 1184 principe
2073 1096 2368 1182 pollens-'⁹'

800 1198 953 1265 haec
978 1206 1137 1265 fatus
1169 1205 1339 1267 donis
1369 1219 1594 1267 onerat.
1681 1208 1902 1270 servire
1929 1207 2194 1263 fatentur

800 1308 1071 1366 Romano
1094 1308 1347 1387 imperio
1366 1353 1382 1384 ,
1422 1322 1592 1370 natos
1615 1330 1723 1389 pro
1751 1312 1998 1388 pignore
2028 1308 2192 1385 pacis

798 1410 1050 1490 polliciti
1078 1420 1376 1489 praestare
1407 1431 1566 1471 suos.
1652 1413 1870 1493 virtute
1895 1410 2140 1467 Latinos

635 1508 760 1577 436
803 1522 863 1573 et
882 1513 1174 1592 probitate
1200 1515 1487 1592 probant3
1529 1512 1778 1571 landant
1803 1516 2082 1591 viresque
2106 1507 2411 1591 fidemque

802 1616 1087 1694 puncipis
1115 1624 1294 1694 atque
1320 1612 1522 1689 ducis3
1568 1625 1872 1694 composta
1898 1632 2047 1692 paee
2074 1610 2378 1671 recedunt.

888 1718 968 1774 At
990 1716 1197 1794 procul
1224 1719 1289 1773 in
1315 1736 1556 1795 campos
1584 1717 1928 1796 squalentes
1961 1715 2154 1772 fessus
2179 1716 2454 1794 Ilasguss

805 1816 1038 1877 errabat
1069 1817 1275 1876 sitiens
1294 1862 1311 1893 ,
1353 1837 1474 1876 neo
1490 1829 1687 1876 tantos
1715 1818 1870 1875 ferre
1899 1816 2139 1874 labores

801 1918 926 1980 iam
950 1927 1179 1997 poterat
1209 1915 1541 2000 duramque
1569 1919 1817 1976 famem.
1881 1920 1979 1976 via
2001 1917 2173 1974 nulla
2200 1917 2415 1981 sal-utin

639 2013 766 2086 440
807 2028 867 2079 et
892 2020 1128 2077 nullum
1152 2031 1513 2080 monstratur
1541 2022 1683 2079 iter:
1727 2029 1863 2100 post
1894 2028 2062 2097 terga
2090 2015 2413 2095 lohannes,

802 2121 868 2184 in
896 2121 1111 2180 faciem
1142 2126 1365 2182 nimius
1396 2125 1538 2182 solis
1570 2124 1750 2181 calor.
1836 2119 2103 2201 undique
2133 2123 2300 2199 genti
2399 2170 2402 2175 .

807 2240 971 2285 mors
1000 2235 1125 2283 erat
1153 2237 1290 2285 ante
1318 2227 1554 2300 oeulos3
1604 2244 1717 2282 nec
1740 2221 1985 2281 tendere
2015 2234 2244 2286 rectum

809 2341 922 2383 nec
946 2328 1106 2403 potis
1130 2336 1220 2386 est
1247 2348 1522 2386 revocare
1552 2325 1828 2406 gradum.
1915 2326 2158 2391 confusa
2185 2326 2426 2405 periclis

809 2429 991 2488 anxia
1016 2430 1189 2488 turba
1220 2433 1407 2509 gemit
1421 2449 1445 2488 τ·
1482 2440 1738 2488 mortem
1766 2436 1956 2486 omnt.
2041 2429 2128 2485 ire
2159 2439 2483 2494 retrorsum

642 2520 766 2592 445
803 2533 1102 2608 persuasit
1131 2533 1371 2591 ibrtuna
1394 2553 1651 2610 nocens,
1695 2533 2006 2612 gentisque
2031 2528 2329 2589 nefandae

809 2629 1141 2694 infaustum
1169 2631 1407 2695 dirertit
1434 2639 1568 2697 iter.
1656 2634 1810 2693 redit
1841 2634 2115 2712 improba
2140 2636 2350 2694 Martis

808 2731 1042 2812 Syrtica
1066 2749 1226 2797 sorte
1250 2758 1467 2798 manus
1484 2783 1500 2814 ‚
1550 2738 1688 2797 telis
1711 2756 1834 2795 non
1862 2737 2091 2814 proelia
2119 2756 2372 2814 poscens

809 2833 920 2894 sed
949 2834 1194 2897 dubiam
1222 2850 1448 2899 tentare
1475 2841 1705 2918 fugam.
1793 2840 2134 2916 explorator
2163 2840 2394 2919 ubique

810 2935 1114 2999 Romanus
1142 2944 1413 3001 currebat
1438 2960 1620 3020 eques
1637 2984 1653 3013 ,
1695 2940 2036 3017 mistusque
2060 2941 2286 3000 Latinis

644 3027 771 3102 450
810 3035 965 3096 fidus
992 3053 1117 3099 erat
1138 3045 1383 3118 Mazax,
1426 3045 1648 3122 pariter
1672 3042 1923 3119 vestigia
1951 3044 2148 3118 gentis

809 3139 1115 3220 inquirens
1135 3188 1152 3219 ,
1197 3163 1315 3224 qua
1340 3155 1506 3223 parte
1532 3145 1753 3202 forent.
1838 3162 1956 3200 nee
1978 3143 2139 3200 fama
2162 3162 2278 3202 nec
2300 3146 2469 3210 ullus

808 3244 1123 3321 proximus
1153 3243 1346 3304 hostis
1371 3257 1527 3320 erat,
1572 3256 1733 3304 tecta
1763 3264 1902 3303 oum
1927 3257 2098 3305 nocte
2132 3259 2376 3326 repente

813 3341 1090 3403 ardentes
1113 3344 1320 3404 videre
1349 3346 1550 3424 focos;
1595 3346 1882 3428 dubiique
1907 3349 2181 3406 volutant

813 3446 1155 3505 Astricesne
1191 3447 1388 3506 forent
1418 3468 1493 3506 an
1520 3460 1674 3508 retro
1706 3469 1911 3508 versus
1944 3451 2237 3529 llasguas.

648 3539 776 3612 455
899 3550 1205 3609 Fluctibus
1225 3554 1446 3610 Oceani
1471 3555 1673 3630 nigros
1697 3555 1926 3610 Aurora
1952 3545 2183 3629 iugales

819 3650 1042 3710 tristior
1069 3653 1368 3712 extollens
1401 3633 1599 3712 radios
1625 3652 1906 3711 tendebat
1930 3656 1993 3711 in
2026 3673 2206 3726 axem
2224 3697 2244 3731 ,

820 3752 1147 3812 luctificum
1175 3756 1396 3813 Titana
1426 3753 1671 3817 trahens
1696 3765 1754 3813 et
1779 3757 1904 3813 fata
1927 3757 2187 3815 ferentes

817 3845 1005 3934 impia
1029 3857 1173 3916 solis
1200 3875 1422 3938 equos:
1468 3856 1836 3918 abscondunt
1859 3858 2064 3916 nubila
2093 3878 2333 3932 cursus,

820 3956 1212 4042 obscuratque
1245 3959 1407 4019 diem
1435 3960 1732 4045 squalenti
1761 3960 1988 4020 lumine
2014 3957 2313 4018 Phoebus.

651 4139 752 4194 431
791 4156 962 4200 secum
988 4143 1039 4194 Τ
1259 4143 1364 4202 432
1398 4159 1492 4195 nec
1518 4142 1570 4199 Τ
1785 4141 1887 4204 435
1958 4159 2049 4211 rop
2052 4139 2238 4194 rietste
2262 4142 2313 4196 Τ
2541 4141 2641 4200 441
2678 4142 2852 4211 gentis

651 4212 796 4277 opud
818 4209 878 4261 M
1019 4209 1125 4264 442
1152 4219 1268 4282 post
1291 4229 1386 4263 nec
1410 4213 1470 4263 Μ
1490 4229 1582 4279 usq
1585 4227 1700 4264 uam
1793 4159 2049 4267 -w
1982 4210 2160 4264 nortia
2184 4212 2234 4265 Τ
2380 4205 2484 4268 447
2517 4213 2677 4282 nonJ·
2663 4230 2715 4265 ιιι
2737 4212 2857 4266 ΜΤ

651 4281 753 4334 457
788 4279 1031 4333 lut-ilicum
1057 4281 1107 4333 Τ
1305 4281 1409 4334 4⁵9
1440 4281 1656 4335 scatenti
1685 4282 1746 4335 Τ.
