3210 5200
712 420 857 492 328
1368 421 1652 490 NOTAE
1697 422 1788 490 m
1839 424 2164 494 LIBRUM
2201 427 2236 493 Ι

707 597 979 670 poetam,
1023 587 1224 647 oeulos
1244 588 1449 647 attolle
1474 591 1727 648 z‘aezeentes
1755 599 1847 649 est
1871 591 2140 650 animum
2209 594 2506 653 erculsum
2532 596 2711 673 erige.
2798 597 2892 655 sic

710 676 786 734 de
819 671 1171 780 pudibunda
1197 677 1356 731 Hem
1383 677 1696 733 Musaeus:
1746 671 2089 756 παρθενική
2124 678 2161 739 δ
2222 674 2573 787 ἄφθογγος
2561 680 2658 742 διαὶ
2682 676 2893 760 χθόνα

707 762 900 839 πῆξεν
925 752 1201 836 ὀπωπήν.
1287 758 1576 818 Coluthus
1600 762 1760 839 paris
1789 762 1916 820 fere
1945 763 2106 840 genii
2131 770 2343 841 poeta.
2472 762 2573 843 ,ἦ
2614 759 2671 826 δ’
2713 762 2891 867 ἐρόε-

706 863 822 906 σαν
855 843 954 906 ἐπὶ
977 838 1176 922 χθόνα
1200 845 1389 920 πῆξεν
1426 837 1685 924 ὀπωπήν
1717 841 1899 927 δηρόν
1927 842 2372 926 ἀμηχανέουσα,
2427 846 2531 910 καὶ
2566 871 2678 910 ουκ
2703 841 2892 928 ἠμεί-

705 931 842 1011 fleto
874 923 1131 1007 Νύμφη.
1216 928 1498 988 Ovidius:
1555 929 1791 1000 erubui,
1827 933 2173 1010 gremioque
2187 933 2391 1011 pudor
2411 934 2620 991 deiecit
2643 935 2879 992 ocellos.

707 1013 832 1072 de⁰
812 1033 901 1071 ira
932 1014 1156 1071 Statius
1189 1011 1503 1072 Thebaide
1533 1013 1605 1077 4.
1651 1014 1865 1073 illead
1883 1015 2135 1074 humum
2148 1018 2417 1093 pallene,
2457 1018 2617 1075 unde
2642 1020 2889 1125 etsuri-

706 1098 914 1156 bunda
952 1099 1166 1175 cupido
1207 1110 1347 1156 nate
1379 1098 1490 1156 tibi
1515 1109 1628 1157 etc.
1710 1098 1979 1159 Achilles
2029 1104 2243 1160 Tatius
2296 1104 2372 1165 5:
2437 1099 2588 1165 ἰδών
2626 1096 2741 1165 οὖν
2780 1102 2885 1165 καὶ

702 1183 999 1266 γνωρίσας
1023 1182 1264 1265 ἔφριξα,
1327 1182 1431 1246 καὶ
1458 1184 1710 1263 ἔβλεπον
1742 1184 1827 1257 εἰς
1854 1189 1970 1264 γῆν
1996 1184 2077 1258 ὥς
2101 1185 2499 1266 ἐληλεγμένος.
2585 1190 2670 1246 ita
2700 1190 2888 1246 Calli-

704 1266 956 1327 machus
1009 1268 1088 1326 ad
1119 1269 1277 1326 male
1323 1269 1438 1327 sibi
1478 1272 1742 1327 conscios
1789 1279 1849 1326 et
1885 1270 2157 1347 profanos
2205 1268 2280 1329 de
2328 1270 2565 1329 calatho
2618 1275 2886 1331 Cereris.

701 1356 790 1438 τῷ
826 1346 1082 1435 καλᾶθφ
1119 1348 1377 1416 maome
1415 1354 1600 1434 χαμαὶ
1642 1360 1935 1416 θασεῖσθε
1975 1352 2235 1434 βέβηλοι.
2333 1358 2532 1434 ipsum
2568 1360 2887 1431 Amorem,

704 1440 810 1519 qui
848 1458 1160 1499 eommune
1192 1436 1498 1518 quoddam
1528 1440 1888 1498 confluvium
1918 1438 2271 1513 affectuum,
2327 1441 2527 1498 fictum
2575 1441 2763 1500 fuisse
2807 1444 2889 1500 ab

703 1524 967 1605 antiquis
1006 1525 1334 1584 luminibus
1370 1534 1526 1582 terra
1558 1523 1770 1582 defixis
1798 1523 1990 1582 discas
2024 1544 2104 1581 ex
2132 1526 2336 1583 Bionis
2364 1525 2679 1603 Smyrnaei
2711 1526 2891 1605 ldyl-

704 1609 789 1667 lio
820 1613 882 1671 3.
964 1620 1171 1671 vatum
1198 1611 1378 1667 etiam
1404 1629 1542 1667 eum
1574 1607 1850 1667 habitum
1874 1608 2152 1687 exemplo
2185 1606 2380 1666 ᾶοοιιιι
2405 1612 2712 1687 Eunapius
2739 1613 2885 1670 Sar-

708 1692 945 1752 dianus.
1028 1695 1348 1753 demissum
1377 1694 1639 1764 vultum,
1681 1703 1748 1750 ut
1774 1691 2102 1752 modestiae
2123 1702 2476 1771 perpetuum
2501 1696 2761 1772 signum,
2784 1699 2884 1753 in-

710 1788 803 1834 ter
826 1780 1110 1858 requisita
1151 1779 1507 1855 virginitatis
1542 1780 1839 1858 conquirit
1867 1775 2324 1858 chrysostomus
2350 1784 2770 1839 commentario
2806 1780 2881 1838 de

705 1863 1066 1939 virginitate.
1150 1864 1399 1921 ΒΛιιτιι.

880 1950 1019 2010 117.
1103 1948 1500 2025 Virgilianum
1537 1968 1797 2026 casuque
1832 1949 2105 2005 aramum
2142 1970 2466 2007 concussus
2504 1952 2709 2021 amici,
2762 1948 2882 2008 hoc

704 2042 799 2089 est
827 2031 994 2090 obitu
1012 2077 1030 2107 ,
1077 2042 1292 2091 morte.
1378 2032 1565 2092 Silius
1595 2031 1673 2096 4:
1718 2052 1874 2090 uma
1911 2032 2231 2092 reducebat
2270 2035 2630 2092 miserandos
2670 2055 2884 2093 annua

701 2137 900 2174 casu-s.
988 2120 1238 2177 Bima.

878 2204 1022 2268 118.
1106 2204 1348 2281 elegans
1380 2213 1470 2262 est
1502 2203 1809 2283 verbisque
1848 2206 1915 2262 in
1957 2204 2091 2262 sede
2118 2204 2359 2263 relictis.
2448 2204 2885 2282 interrumpunt

700 2288 868 2345 enim
904 2290 1494 2363 sermocinationem,
1569 2301 1631 2348 et
1680 2290 1847 2347 velut
1899 2290 2050 2347 inibi
2093 2291 2493 2370 relinquentes
2534 2287 2882 2347 abscedunt.

703 2369 941 2432 videtur
977 2372 1275 2455 quaedam
1311 2376 1375 2431 in
1422 2375 1617 2453 prima
1657 2372 1846 2431 Iliade
1895 2377 2307 2433 transtulisse.
2366 2376 2451 2432 ibi
2480 2376 2642 2432 enim
2663 2376 2885 2453 pariter

703 2460 968 2516 venienti
1008 2460 1132 2518 lovi
1176 2457 1261 2516 dii
1302 2459 1542 2517 obviam
1570 2457 1917 2537 procedunt.
1960 2462 2209 2531 But-ru.

829 2542 909 2602 ib.
948 2543 1316 2603 attale-abile
1331 2545 1528 2602 visum
1547 2555 1656 2617 est,
1672 2554 1947 2603 narrante
1964 2545 2249 2604 Suetonio
2266 2546 2378 2604 Iul.
2393 2548 2435 2612 7
2437 2546 2494 2619 8,
2517 2542 2681 2625 quod
2696 2545 2885 2603 Iulius

698 2630 917 2688 Caesar
930 2642 1205 2689 senatum
1219 2632 1521 2708 exceperit
1534 2628 1748 2689 sedens
1764 2649 1870 2708 pro
1888 2628 2035 2687 aede
2050 2632 2295 2690 Veneris
2307 2632 2635 2708 genitricis.
2681 2641 2883 2688 eontra

697 2734 838 2773 vero
855 2716 1305 2789 Tiberius,teste
1338 2716 1530 2774 Dione
1560 2716 1643 2779 57
1681 2720 1774 2788 11,
1806 2718 2185 2793 magistratus
2212 2736 2467 2794 semper,
2499 2735 2569 2772 ac
2595 2718 2650 2773 si
2684 2717 2746 2772 iu
2774 2713 2885 2772 de-

696 2801 1008 2875 mocratia,
1049 2798 1397 2876 honorabat,
1444 2800 1785 2858 oonsulibus
1818 2803 1999 2858 etiam
2029 2819 2363 2879 assurgens,
2389 2800 2609 2879 quibus
2637 2801 2881 2858 solitum

698 2904 936 2964 quoque
966 2885 1237 2943 decedere
1263 2886 1337 2943 de
1364 2887 1467 2943 via
1493 2882 1662 2942 addit
1685 2885 2002 2943 Suetonius
2026 2886 2167 2943 Tib.
2186 2890 2290 2950 31.
2357 2886 2557 2944 Foue-

870 2970 1015 3031 120.
1088 2980 1270 3046 pater
1297 2967 1412 3028 hoc
1452 2971 1585 3028 loco
1626 2990 1733 3048 pro
1764 2991 1890 3046 par
1917 2973 2261 3048 repositum.
2310 2972 2495 3028 Rurz.
2571 2979 2751 3047 pater
2782 2972 2885 3026 in·-

701 3052 878 3111 clitus
910 3053 1102 3132 orbis]
1147 3055 1233 3113 sio
1261 3074 1321 3112 v·
1356 3056 1497 3119 167.
1561 3055 1806 3112 illustris
1832 3055 1963 3112 laus
1995 3056 2277 3153 principis
2305 3054 2424 3113 dici
2442 3066 2677 3133 patrem
2697 3053 2877 3111 orbis.

699 3140 790 3198 sic
817 3141 1132 3197 Horatius.
1165 3149 1348 3216 pater
1370 3138 1611 3196 urbiam
1633 3137 1924 3197 subscribi
1948 3141 2179 3197 statuis.
2269 3142 2358 3197 sio
2387 3144 2689 3218 Augustus
2702 3150 2887 3215 pater

696 3225 937 3300 patriae
964 3225 1185 3294 daban,
1231 3233 1289 3282 et
1327 3222 1490 3304 quod
1526 3225 1721 3284 maius
1765 3244 1834 3281 ac
1875 3223 2187 3302 gloriosius
2218 3236 2326 3298 est,
2375 3226 2565 3283 libera
2594 3222 2791 3281 adhuc
2820 3244 2883 3281 re

701 3307 943 3386 publiea
971 3310 1196 3367 Cicero.
1281 3320 1457 3367 notus
1481 3311 1544 3366 in
1569 3307 1727 3367 hano
1752 3328 1879 3366 rem
1904 3311 2199 3369 Iuvenalis
2222 3330 2450 3369 versus.
2533 3328 2717 3389 quem
2746 3310 2885 3388 qui-—

702 3392 844 3451 dem
883 3394 1126 3452 titulum
1154 3396 1354 3471 patris
1378 3396 1623 3472 patriae
1650 3395 1944 3453 Traianus
1973 3415 2081 3492 pro
2111 3414 2217 3453 sua
2242 3393 2533 3453 modestia
2563 3396 2882 3467 recusavit,

701 3478 989 3537 tributum
1020 3480 1135 3538 sibi
1162 3498 1196 3536 a
1222 3491 1463 3552 senatu3
1505 3478 1667 3536 uude
1698 3480 1755 3537 ei
1782 3473 1898 3537 soli
1914 3482 2180 3537 omnium
2206 3482 2451 3558 contigit
2477 3489 2547 3535 ut
2558 3489 2886 3580 palerpa-

697 3567 851 3621 mae
880 3575 1026 3622 esset
1045 3566 1582 3643 antequamfieret,
1609 3573 1677 3621 ut
1704 3575 1910 3642 argute
1941 3564 2016 3623 de
2046 3586 2117 3624 eo
2144 3563 2286 3623 dicit
2311 3566 2582 3622 Plinius'
2564 3585 2629 3622 ιιι
2653 3566 2884 3640 Paneg.

697 3653 764 3708 in
795 3669 913 3729 quo
943 3649 1110 3748 idem
1145 3653 1854 3792 venusutglicimperatorem
1895 3670 2054 3708 nunc
2097 3660 2267 3708 vocat
2296 3660 2610 3727 parentem
2638 3649 2887 3746 generis

697 3736 980 3806 kanaam,
1047 3755 1207 3792 nunc
1460 3756 1565 3792 um
1594 3745 1934 3811 parentem,
2000 3754 2160 3793 nuno
2206 3754 2570 3792 communem
2603 3751 2885 3789 οιιιιιιιιιιι

694 3830 1025 3899 parentem.
1111 3756 1338 3879 Seng'ca
1368 3818 1444 3876 de
1474 3820 1752 3878 clement.
1786 3819 1898 3882 14:
1949 3830 2190 3897 patrem
2229 3819 2466 3900 quidem
2494 3818 2737 3894 patriae
2761 3837 2885 3894 ap-

687 3902 995 3983 pellamus
1030 3905 1395 3983 principem,
1472 3915 1542 3961 ut
1582 3906 1736 3961 sciat
1776 3905 1987 3961 datam
2037 3904 2154 3962 sibi
2197 3913 2547 3982 potestatem
2579 3903 2883 3978 patriam,

696 4009 852 4069 quae
898 4000 983 4048 est
1017 3989 1531 4067 temperatissc‘ma,
1595 3987 1799 4046 liberis
1832 3989 2143 4049 consulens
2173 4009 2401 4070 suaque
2419 3999 2561 4067 post
2592 3985 2727 4043 illos
2757 4005 2883 4062 po-

692 4076 1136 4133 neru.B1·r·r.

870 4163 1008 4224 123.
1093 4158 1313 4237 digito]
1357 4152 1619 4216 indicem
1644 4158 1770 4217 sive
1801 4152 2096 4221 δηκτικόν
2123 4159 2445 4238 intelligit,
2506 4174 2691 4236 quem
2718 4151 2882 4231 digi-

694 4257 826 4304 tum
847 4245 1152 4303 silentium
1177 4246 1536 4321 imperantes
1566 4245 1656 4300 ori
1680 4241 2075 4301 admovebant
2101 4253 2365 4316 veteres3
2409 4241 2692 4320 idemque
2725 4237 2882 4295 (1ίοί-

695 4342 794 4388 ιιιι·
823 4349 859 4387 a
886 4327 1191 4385 nonnullis
1221 4327 1533 4397 salutaris,
1576 4325 1738 4406 quod
1766 4345 1895 4383 rem
1923 4328 2101 4385 saluti
2125 4330 2393 4385 maxime
2420 4324 2884 4394 conducibilem,

695 4415 1035 4490 silentium,
1085 4410 1413 4470 denotaret.
1498 4413 1691 4472 Lilius
1721 4408 1998 4470 Giraldus
2031 4410 2252 4491 dialog.
2297 4417 2341 4477 2
2389 4430 2509 4492 quo
2551 4429 2732 4470 sensu
2778 4412 2885 4465 lu-
