3210 5200
782 431 928 502 400
1384 415 1688 495 NOTAE
1734 428 1825 494 IN
1875 426 2198 494 LIBRUM
2245 423 2308 490 Π

780 614 920 655 uem
950 596 1058 652 lib.
1087 596 1131 655 7
1168 589 1543 670 Philippides
1563 635 1579 665 ,
1623 591 1687 648 in
1721 609 1952 649 summa
1981 599 2040 649 et
2068 587 2574 648 miserabilissima
2593 589 2809 647 ·fame:
2850 593 2938 648 νὶ-

780 682 977 739 denum
1013 681 1166 735 mter
1208 696 1302 733 eos
1341 677 1667 755 quendam,
1710 674 2040 733 miserabile
2073 677 2233 745 visu,
2275 676 2382 752 qui
2410 693 2618 731 caram
2643 674 2935 752 per-stabat

782 764 985 822 adhuc
1014 772 1255 841 portare
1297 763 1596 819 caninam.
1704 763 1820 818 nisi
1859 761 1947 817 ibi
1992 771 2190 818 tamen
2235 760 2447 817 melior
2487 759 2730 836 vulgata
2769 760 2931 817 lectio

784 868 1007 907 eoram:
1052 866 1180 903 core
1209 849 1371 903 enim
1398 849 1813 923 interpretatur
1843 845 2144 902 calvitium
2174 846 2298 901 sive
2325 843 2579 899 calvaria
2597 887 2613 915 ‚
2655 856 2724 900 ut
2744 845 2931 901 scribit

784 936 848 990 iu
885 934 1179 1008 farragine
1218 931 1638 1008 glossariorum
1674 931 1909 1007 Papias.
1950 931 2198 986 ΒΛΜἮ.
2282 937 2439 984 recte
2487 929 2749 1006 explicat
2792 930 2930 986 Rui-

786 1021 944 1088 zius3
1004 1015 1215 1094 quibus
1251 1013 1403 1072 adde
1443 1013 1591 1071 haec
1634 1034 1714 1071 ex
1753 1015 1910 1072 Festi
1954 1011 2319 1071 decurtatore
2369 1013 2616 1070 Paullo:
2659 1023 2835 1089 caput
2871 1032 2929 1068 ex

795 1103 1022 1160 Graeco
1072 1099 1297 1156 dictum
1322 1142 1337 1166 ,
1398 1098 1561 1177 quod
1616 1097 1714 1154 illi
1763 1098 2060 1154 interdum
2105 1091 2262 1176 κάρα
2301 1096 2527 1153 dicunt.
2618 1100 2703 1154 sic
2752 1100 2932 1176 σχῆμα

785 1186 1143 1243 Graecorum
1167 1181 1326 1261 apud
1356 1185 1599 1240 Latinos
1626 1183 1689 1238 in
1718 1179 1955 1240 schema
1982 1183 2278 1259 migravit.
2363 1183 2549 1238 Rrrr.

947 1266 1091 1333 415.
1176 1268 1450 1347 vincula]
1494 1285 1647 1345 pene
1688 1276 1812 1324 erat
1854 1276 1922 1323 ut
1959 1264 2118 1323 hunc
2150 1267 2350 1322 locum
2377 1262 2452 1323 de
2478 1265 2926 1321 manumissione

785 1355 1198 1430 interpretatus
1222 1353 1494 1411 fuissem:
1539 1353 1803 1409 solemne
1825 1353 1992 1408 enim
2013 1360 2146 1429 post
2170 1367 2417 1406 munera
2442 1351 2629 1427 prima
2649 1366 2928 1404 novorum

787 1438 1098 1494 consulum
1143 1456 1340 1495 servos
1376 1438 1824 1509 manumittere,
1869 1434 2029 1513 quod
2065 1435 2363 1493 fusissime
2399 1453 2432 1491 a
2471 1453 2568 1490 me
2602 1431 2819 1489 dictum
2853 1430 2925 1488 ad

783 1519 936 1579 illud
974 1518 1283 1578 Claudiani
1326 1518 1398 1578 de
1444 1520 1484 1585 4
1518 1522 1677 1577 Hon.
1718 1520 2056 1579 consulatu:
2098 1518 2412 1576 deductum
2451 1518 2682 1576 vindice
2719 1535 2927 1572 mor-em

783 1605 878 1663 lex
912 1604 1189 1675 celebrat,
1213 1604 1612 1684 famulusque
1641 1607 1782 1684 iugo
1812 1604 2049 1661 laxatus
2076 1603 2254 1661 herili
2284 1603 2542 1660 ducimr.
2633 1598 2793 1682 quod
2823 1597 2932 1657 huc

784 1687 1071 1769 quadrare
1110 1709 1231 1746 non
1272 1699 1498 1766 potest:
1542 1708 1684 1745 nam
1724 1698 1782 1746 et
1819 1698 2038 1767 nuptae
2068 1689 2308 1745 maritos
2337 1697 2395 1744 et
2419 1697 2638 1745 matres
2668 1697 2838 1744 natos
2865 1684 2930 1741 ab

786 1793 857 1830 eo
901 1782 1128 1850 petunt.
1214 1790 1351 1829 cum
1394 1775 1548 1829 inter
1589 1791 1788 1829 servos
1829 1792 1951 1828 non
1987 1774 2359 1831 matrimonia
2394 1771 2503 1831 sed
2528 1773 2819 1830 consortia
2845 1788 2931 1827 es-

784 1867 942 1930 sent,
986 1853 1200 1913 deinde
1233 1854 1469 1913 additur
1496 1877 1536 1911 α
1563 1857 1808 1912 crimine
1832 1856 2027 1913 solvit.
2115 1859 2381 1934 suspicor
2405 1875 2546 1934 ergo
2583 1856 2787 1913 solitos
2821 1857 2930 1910 im-

784 1950 1083 2019 peratores
1098 1984 1114 2012 ,
1158 1959 1293 1996 cum
1314 1941 1710 2018 principatum
1734 1941 1980 2012 inirent,
2025 1943 2286 2018 captivos
2314 1961 2346 1997 e
2367 1941 2693 1998 carceribus
2717 1939 2930 1995 libera-

786 2036 878 2083 tos
908 2022 1232 2096 dimisisse,
1275 2026 1623 2102 praesertim
1644 2041 1790 2102 quos
1813 2034 2007 2081 reatus
2035 2027 2298 2081 criminis
2325 2023 2634 2083 detinebat.
2720 2020 2926 2081 sidon.

782 2109 1047 2189 Apollin.
1077 2126 1257 2165 carm.
1286 2112 1325 2170 2
1355 2110 1423 2166 in
1449 2107 1598 2165 fine:
1644 2109 1908 2186 captivos
1949 2110 2214 2167 vincture
2253 2129 2452 2180 nome,
2490 2106 2726 2166 absolve
2758 2116 2928 2163 vem-

784 2204 921 2251 ειοε.
1010 2194 1288 2251 Datus-r.

949 2275 1094 2340 417.
1178 2288 1286 2335 tua
1305 2275 1539 2355 gaudia
1567 2277 1898 2354 eleganter,
1941 2278 2112 2356 quasi
2149 2295 2301 2356 quae
2330 2286 2399 2335 tu
2426 2272 2647 2333 mundo
2679 2273 2924 2348 confers,

784 2361 896 2419 tibi
918 2358 1137 2419 debita.
1221 2360 1577 2419 Claudianus
1607 2360 1683 2419 ad
1704 2362 2060 2419 Honorium:
2103 2364 2347 2440 risitque
2371 2372 2470 2418 mo
2494 2371 2926 2417 namra-sereno

786 2446 1073 2525 Corippus
1105 2446 1435 2523 fragmento
1469 2464 1529 2502 v.
1558 2449 1671 2509 33:
1714 2457 1957 2524 urgean-
1978 2457 2190 2503 ten-ore
2217 2458 2336 2504 tuo.
2425 2448 2674 2504 Banu.

951 2530 1096 2592 421.
1177 2530 1329 2587 solvi
1348 2539 1585 2588 cunctos
1609 2549 1650 2585 α
1671 2532 1913 2587 crimine
1934 2531 2123 2610 aucit]
2158 2532 2349 2589 solius
2380 2532 2540 2587 enim
2563 2527 2923 2610 imperatoris

783 2624 874 2673 est
905 2614 1171 2694 capitalis
1200 2616 1735 2693 criminisgratiam
1761 2616 1938 2673 alicui
1964 2616 2157 2673 facere
2181 2625 2240 2673 et
2263 2618 2449 2673 vitam
2477 2613 2714 2676 donare.
2771 2615 2926 2671 eius-

783 2697 924 2757 dem
962 2717 1199 2779 quoque
1237 2711 1326 2758 est
1366 2701 1670 2758 restituere
1707 2699 1931 2757 famam
1946 2743 1963 2774 ,
2003 2719 2156 2780 quae
2189 2701 2312 2758 vita
2343 2703 2669 2778 comparari
2698 2698 2848 2757 solet
2869 2706 2928 2753 et

780 2785 913 2862 pari
955 2803 1101 2841 cum.
1145 2792 1214 2841 ea
1255 2804 1434 2863 passu
1474 2785 1776 2842 ambulare
1813 2783 2045 2843 dicitur.
2142 2782 2279 2845 vide
2320 2782 2582 2844 Cassiod.
2623 2789 2664 2849 8
2706 2802 2830 2842 var.
2869 2789 2926 2837 et

780 2868 1012 2945 Symm.
1042 2872 1081 2929 3
1116 2871 1284 2944 epist.
1369 2871 1550 2929 Rrrr.

945 2948 1089 3011 422.
1173 2951 1350 3028 deus]
1418 2953 1611 3028 prisca
1655 2951 1912 3012 adulatio
1960 2963 2020 3011 et
2058 2952 2264 3030 foeda,
2326 2955 2436 3014 sub
2483 2950 2925 3034 imperatoribus

780 3034 918 3091 n'ata
935 3074 952 3106 ,
997 3051 1097 3091 eos
1123 3030 1264 3092 deos
1289 3053 1496 3092 vocare
1527 3033 1858 3116 divinisque
1890 3038 2122 3097 afficere
2146 3039 2487 3113 honoribus,
2532 3058 2681 3119 quos
2702 3037 2922 3095 vixin-

779 3119 982 3176 venies
1025 3115 1141 3197 (de
1165 3119 1375 3196 primis
1397 3117 1647 3197 loquor)
1692 3122 1796 3200 qui
1822 3123 2104 3181 reiecerit.
2169 3123 2325 3182 illud
2348 3127 2412 3181 in
2440 3125 2774 3181 Domitiano
2801 3121 2921 3176 im-

779 3202 947 3279 pium
964 3244 981 3275 ,
1039 3203 1202 3279 quod
1236 3200 1540 3280 epistolam
1556 3204 1886 3282 jbrmalem
1925 3207 2159 3266 clabiam
2198 3210 2511 3286 inceperit,
2558 3209 2829 3266 domitam
2871 3214 2927 3260 et

778 3284 923 3342 deus
946 3294 1138 3342 noster
1162 3286 1403 3360 sic-fieri
1421 3286 1600 3346 iubet.
1688 3291 1854 3349 Suet.
1889 3296 1988 3356 18.
2070 3295 2244 3351 Mart.
2276 3294 2547 3351 omnibus
2575 3312 2726 3372 pene
2747 3291 2926 3368 pagi-

775 3369 902 3443 niz,
946 3371 986 3432 9
1016 3389 1109 3447 ep·
1138 3369 1254 3445 95,
1299 3373 1338 3435 8
1365 3392 1459 3450 ep.
1488 3376 1549 3436 2.
1635 3375 1674 3440 5
1700 3396 1794 3455 ep.
1827 3378 1898 3438 8:
1948 3377 2200 3435 edictum
2225 3378 2453 3436 donnini
2479 3377 2683 3455 deique
2708 3375 2920 3431 nom-i.

777 3451 940 3597 ffid
978 3454 1131 3512 salse
1170 3457 1353 3534 carpit
1390 3459 1687 3518 Iuvenalis
1712 3461 1786 3523 4:
1830 3480 1967 3519 cum
1988 3461 2276 3520 amdam
2295 3462 2413 3521 dish
2429 3481 2618 3540 aequa
2631 3469 2917 3537 potestas.

788 3550 791 3555 “
822 3541 837 3556 “
899 3539 1053 3596 imili
1090 3548 1356 3620 tempore
1401 3542 1709 3601 Claudian.
1754 3542 1832 3602 ad
1876 3548 2097 3604 Honor.
2141 3549 2297 3626 Aug.
2329 3547 2574 3626 praefat.
2607 3544 2684 3603 de
2713 3549 2751 3608 3
2778 3560 2919 3601 con-

775 3623 1010 3681 sulatu:
1050 3624 1233 3682 audet
1254 3646 1479 3705 magna
1501 3648 1608 3686 suo
1636 3631 1857 3687 mittere
1880 3630 2079 3688 Roma
2108 3631 2232 3689 deo.
2321 3632 2462 3691 Sen.
2501 3629 2577 3688 de
2613 3627 2920 3707 tranquill.

777 3705 888 3768 14:
936 3708 1203 3767 namucus
1244 3711 1311 3767 in
1351 3732 1465 3789 quo
1509 3714 1752 3771 Caesari
1783 3715 1888 3772 deo
1917 3726 2110 3773 nostro
2133 3714 2333 3790 fiebat
2367 3715 2771 3796 quotidianum
2810 3731 2922 3768 sa-

775 3810 962 3848 crum.
1051 3795 1233 3852 simili
1260 3794 1438 3854 modo
1463 3798 1666 3856 Horat.
1697 3796 1738 3860 4
1782 3800 1861 3863 15
1904 3798 1977 3857 de
2001 3803 2299 3878 Augusto:
2335 3802 2586 3879 ets-tgna
2607 3807 2797 3856 nostr-o
2817 3815 2928 3851 re·-

774 3876 969 3931 stituit
989 3876 1139 3936 Iovi.
1230 3899 1358 3938 aras
1388 3881 1577 3956 enim,
1620 3884 1843 3961 templa
1858 3927 1875 3958 ,
1920 3885 2184 3944 flamines
2214 3883 2509 3943 habebant
2537 3888 2919 3962 imperatores

772 3960 1009 4017 mortui.
1051 3973 1259 4021 notum
1280 3965 1570 4024 omnibus.
1598 3967 1880 4033 Dsmsr.
1963 3968 2131 4029 vides
2158 3980 2517 4050 quantopere
2538 3971 2720 4027 etiam
2739 3963 2919 4024 chri-

772 4044 980 4102 stianis
1024 4049 1386 4127 principibus
1426 4052 1617 4108 deitas
1645 4051 1758 4107 illa
1783 4052 2051 4114 affectata
2070 4057 2351 4114 arriserit.
2433 4073 2556 4111 non
2588 4052 2764 4111 audet
2795 4051 2919 4108 Co-

770 4128 973 4207 rippus
1011 4142 1210 4209 aperte
1255 4131 1433 4192 deum
1471 4133 1665 4193 dicere
1713 4138 2001 4196 lustinum
2018 4184 2035 4214 ‚
2085 4143 2224 4220 quia
2260 4137 2590 4199 Christiana
2614 4137 2724 4195 lex
2751 4132 2918 4192 aliud

769 4212 1088 4271 suadebat:
1131 4234 1251 4274 non
1287 4217 1466 4277 audet
1503 4220 1795 4279 abstinere
1819 4223 1892 4280 ab
1921 4225 2192 4284 omnibus
2221 4223 2356 4284 dato
2387 4222 2632 4282 honore.
2716 4222 2918 4299 itaque

770 4307 831 4354 et
850 4308 1027 4356 vocat
1057 4298 1235 4356 deum
1268 4311 1326 4359 et
1356 4323 1419 4361 se
1454 4302 1820 4365 Christianae
1862 4307 1981 4385 legi
2018 4320 2282 4369 excusat.
2365 4311 2450 4368 sic
2487 4310 2554 4365 in
2591 4303 2923 4365 [miniani

767 4385 1061 4459 rescraptis
1102 4381 1254 4444 nihil
1295 4388 1411 4447 nisi
1454 4386 1655 4449 divina
1700 4391 1899 4450 omnia
1915 4437 1932 4469 ,
1977 4396 2174 4453 omnia
2213 4404 2450 4465 sancta,
2490 4394 2694 4451 omnia
2726 4401 2914 4461 sacra,
