3210 5200
606 338 703 409 36
1334 322 1345 332 ’
1526 336 1864 405 CORJPPI

772 522 893 564 non
921 502 1050 562 auri
1073 498 1325 589 cupidus
1341 545 1359 578 ‚
1401 521 1527 562 non
1550 504 1679 562 ullo
1706 517 1955 562 munere
1980 503 2131 563 lucri

774 608 839 664 in
860 606 1116 684 Libyam
1138 604 1478 683 compulsus
1506 622 1612 663 eo:
1655 602 1766 664 sed
1790 603 2060 665 scindere
2084 606 2313 665 bellum

606 708 732 774 295
775 719 834 767 et
861 709 1110 767 miseras
1137 707 1367 765 salvare
1401 708 1664 782 animas,
1707 705 1860 766 haec
1882 710 2010 766 sola
2039 706 2275 787 cupido,

774 809 875 870 hio
899 811 1114 868 animis
1144 827 1311 866 amor
1338 810 1533 866 omnis
1564 810 1741 867 inest.
1827 807 1948 870 huc
1976 811 2162 869 iussio
2190 819 2427 876 tantum

775 914 1060 993 principis
1089 911 1246 967 ahna
1269 905 1475 966 trahit.
1559 919 1763 968 noster
1793 920 1854 968 te
1879 914 2147 991 principe
2171 914 2449 991 princeps

773 1019 1051 1097 imperat.
1134 1013 1261 1090 ipse
1297 1011 1412 1068 tibi
1441 1012 1724 1070 meritum
1752 1010 1969 1072 debere
1997 1013 2219 1071 fatetur

775 1117 982 1179 ordine
1013 1116 1346 1174 servitium.
1429 1122 1499 1171 tu
1526 1114 1619 1171 illi
1643 1133 1754 1172 nos
1777 1116 2018 1174 subiicis
2047 1135 2258 1173 omnes

609 1224 735 1287 300
771 1229 832 1278 et
856 1219 1076 1278 servire
1102 1215 1305 1274 iubes:
1348 1224 1453 1272 tua
1479 1235 1616 1274 sum
1638 1227 1956 1296 praecepta
1983 1229 2241 1277 secutus.

779 1323 1011 1401 aspice,
1054 1328 1255 1380 sancte
1274 1361 1293 1392 ,
1335 1317 1580 1392 favens,
1626 1326 1686 1374 et
1710 1329 1942 1378 nostros
1969 1341 2141 1378 cerne
2162 1320 2398 1378 labores

780 1425 905 1482 iam
937 1419 1209 1501 placidus
1229 1463 1249 1494 ‚
1291 1427 1612 1499 tantaeque
1645 1423 1781 1499 pius
1812 1442 2086 1482 succurre
2116 1425 2349 1482 ruinae.

784 1528 879 1583 sin
908 1544 1015 1582 suu
1043 1532 1393 1602 peccantem
1420 1517 1708 1578 damnant
1737 1518 1951 1580 delicta
1978 1521 2307 1582 Iohannem

780 1623 977 1684 iudice
1007 1633 1100 1700 te,
1146 1640 1504 1703 quocunque
1534 1620 1653 1678 alio
1680 1640 1781 1678 me
1811 1628 2136 1701 comprime
2160 1625 2303 1698 leto,

614 1727 740 1794 80'5
774 1747 891 1807 pro
920 1728 1097 1784 Petro
1126 1744 1287 1781 nunc
1317 1743 1493 1802 parce
1518 1715 1721 1780 meo.”
1804 1742 1923 1803 quo
1953 1727 2198 1782 nomine
2230 1722 2388 1782 dicto

783 1829 978 1890 haesit
1001 1829 1066 1884 in
1090 1846 1192 1885 ore
1213 1845 1395 1885 sonus
1410 1868 1428 1900 ,
1472 1834 1843 1883 tremuerunt
1865 1835 2106 1904 pectora
2130 1827 2338 1903 patris,

782 1927 1092 2008 frigidiora
1118 1929 1259 2006 gelu
1286 1924 1626 1985 ceciderunt
1651 1946 1819 1988 crura
1839 1947 2199 2008 manusque,

782 2033 1172 2111 membraque
1197 2040 1407 2087 cuncta
1436 2028 1663 2090 labant.
1747 2029 2023 2088 lacrimas
2050 2039 2193 2086 tunc
2218 2024 2480 2088 fluminis
2511 2025 2694 2086 instat

784 2132 985 2193 fundit
1003 2177 1019 2207 ,
1066 2142 1124 2190 et
1150 2135 1428 2210 ingentes
1453 2132 1711 2208 gemitus
1741 2129 1821 2189 ad
1849 2129 2045 2189 sidera
2073 2131 2253 2191 tollit.

621 2240 747 2305 810
871 2235 1125 2295 Talibus
1152 2236 1373 2293 orantis
1402 2233 1576 2291 fletus
1604 2242 1665 2291 et
1687 2233 1869 2292 verba
1893 2235 2117 2312 recepit

787 2339 1118 2416 suspiciens
1144 2334 1461 2396 dominus:
1504 2331 1719 2394 validis
1742 2337 2052 2394 mitescere
2075 2334 2270 2393 ventis

784 2439 1042 2518 imperat
1059 2484 1075 2514 ,
1121 2449 1180 2497 et
1212 2440 1412 2498 clauso
1440 2439 1639 2514 frangi
1666 2438 1775 2496 sub
1801 2438 2354 2515 monte‘procellae.

787 2539 1084 2620 effugiunt
1112 2542 1335 2599 celeres
1360 2550 1605 2597 tenuato
1636 2540 1859 2598 vellere
1888 2539 2109 2598 nubes:

789 2645 884 2702 sol
908 2642 1062 2701 redit
1079 2687 1096 2717 ‚
1141 2654 1202 2702 et
1228 2645 1385 2702 claro
1416 2645 1682 2702 rutilanti
1702 2643 1981 2723 lampade
2008 2645 2173 2703 caelo

624 2743 749 2810 315
793 2747 1009 2803 emicat
1039 2746 1159 2805 alta
1186 2743 1336 2804 dies.
1422 2747 1711 2824 explanat
1737 2748 2049 2805 marmoris
2077 2744 2270 2807 undas

795 2842 979 2902 iussio
1010 2858 1166 2907 certa
1196 2845 1323 2921 dei3
1367 2850 1533 2905 venti
1563 2867 1781 2904 venere
1802 2844 2072 2906 secundi·

795 2960 1156 3025 consurgunt
1185 2950 1359 3023 laeti,
1400 2949 1705 3007 turbantes
1731 2952 1930 3008 omnia
1947 2994 1964 3024 ‚
1983 2958 2246 3024 nautae,

794 3050 1038 3108 vocibus
1073 3059 1132 3107 et
1157 3047 1409 3127 placidis
1432 3048 1751 3108 intendunt
1773 3052 1960 3110 lintea
1986 3054 2186 3129 malis,

795 3150 1236 3232 implenturque
1264 3153 1453 3210 sinus.
1537 3155 1728 3212 socias
1749 3165 1892 3212 tunc
1913 3153 2180 3235 undique
2206 3173 2394 3215 naves

628 3253 755 3315 320
798 3255 1124 3330 acc1piunt,
1169 3263 1411 3333 totoque
1441 3255 1748 3334 refulgent
1773 3258 2013 3316 carbasa
2040 3268 2250 3336 ponto.

798 3357 923 3412 iam
942 3358 1187 3435 propius
1213 3359 1576 3437 propiusque
1604 3360 1845 3434 voiant3
1889 3370 1950 3418 et
1971 3377 2254 3437 prospera
2283 3378 2455 3417 eursu

796 3458 1030 3516 caerula
1061 3459 1358 3516 sulcantes
1382 3462 1703 3539 impellunt
1734 3463 1974 3520 flamina
2005 3478 2258 3539 puppes.

878 3561 1196 3639 Prospexit
1222 3559 1469 3620 tandem
1494 3583 1813 3623 succensae
1837 3565 2012 3622 litora
2041 3571 2233 3619 terrae

798 3656 1035 3736 ductor,
1081 3674 1141 3720 et
1167 3662 1490 3723 indomitas
1521 3668 1731 3724 Martis
1758 3666 2034 3745 cognovit
2061 3661 2328 3720 habenas

628 3758 753 3827 325
796 3783 906 3820 nec
944 3762 1190 3823 dubium
1235 3765 1263 3845 (
1278 3787 1422 3824 nam
1448 3788 1590 3825 vera
1615 3768 1813 3825 ferunt
1838 3762 2152 3841 incendia)
2195 3772 2548 3821 monstrum.
2655 3794 2660 3805 ν
2715 3780 2720 3793 ’
2779 3776 2786 3789 “

798 3867 1117 3924 volvebant
1145 3870 1311 3929 venti
1342 3872 1665 3948 crispantes
1693 3870 1914 3928 vortice
1933 3868 2236 3938 flammas,

798 3977 858 4024 et
888 3968 1053 4030 fumo
1088 3972 1397 4030 commista
1424 3972 1634 4029 volans
1662 3990 1841 4049 super
1870 3980 2027 4028 astra
2056 3968 2264 4026 favilla

628 4152 734 4205 302
766 4150 958 4204 seruire
985 4153 1039 4204 Τ
1165 4153 1266 4207 305
1303 4150 1527 4223 proterio
1552 4166 1686 4203 nunc
1710 4165 1872 4219 purge
1896 4152 1947 4204 Τ
2077 4151 2181 4204 306
2203 4148 2310 4203 exit
2338 4149 2388 4202 T
2461 4190 2466 4199 .
2515 4146 2618 4202 312
2641 4148 2812 4200 clauso

627 4218 1147 4343 §.gnffuqileleprff'ofeue
1172 4222 1221 4275 Τ
1395 4221 1496 4274 321
1537 4219 1770 4289 proprius
1794 4218 2132 4289 propriusque
2157 4221 2210 4272 Τ
2381 4216 2484 4271 324
2518 4217 2734 4271 harenas
2757 4218 2819 4270 M
