3210 5200
647 414 787 483 192
1250 412 1582 480 comm
1635 388 1751 478 niz
1799 413 2209 479 nummus

809 590 869 637 et
894 587 1290 658 protectorum
1318 598 1604 638 numerus
1633 575 1956 637 mandante
1980 580 2288 658 magistro,

810 682 1001 738 omnis
1034 699 1336 738 sacrorum
1367 683 1457 739 vis
1492 681 1685 739 adfuit
1721 683 2071 754 officiorum,

804 794 1016 840 ornatu
1041 784 1205 840 vario
1238 782 1515 862 cultuque
1543 781 1869 862 habituque
1893 780 2218 861 modoque.

642 883 762 949 165
804 885 1017 963 ingens
1048 885 1360 942 excubitus
1392 883 1594 943 divina
1628 887 1850 963 palatia
1878 903 2143 956 servans,

804 986 1126 1066 porticibus
1163 987 1390 1064 longis,
1433 996 1603 1065 porta
1634 984 1967 1044 condensus
1992 986 2065 1042 ab
2097 986 2249 1062 ipsa,

802 1108 1110 1146 murorum
1141 1090 1206 1146 in
1235 1107 1466 1145 morem
1499 1089 1735 1146 laevam
1764 1087 2159 1166 dextramque
2189 1085 2445 1163 tegebat,

802 1199 967 1247 scuta
1001 1191 1110 1248 snb
1144 1191 1351 1247 erectis
1388 1192 1754 1268 coniungens
1781 1208 1959 1247 aurea
1988 1190 2151 1267 pilis.

804 1311 945 1349 ense
968 1291 1123 1350 latus
1150 1292 1359 1365 cincti,
1401 1294 1734 1369 praestricti
1762 1310 1928 1349 crura
1956 1288 2276 1363 cothurnis,

636 1396 759 1457 170
798 1390 1112 1451 adstabant
1143 1395 1288 1451 celsi
1319 1396 1570 1473 pariter,
1621 1394 1958 1474 pariterque
1992 1394 2260 1451 nitebant

801 1505 1103 1554 exstantes
1134 1498 1270 1554 latis
1300 1493 1566 1553 humeris
1594 1492 1876 1575 durisque
1904 1495 2160 1568 lacertis,

800 1598 1097 1655 coniferae
1129 1598 1316 1654 veluti
1349 1615 1515 1655 sacra
1550 1598 1707 1653 inter
1735 1598 1982 1655 flumina
2016 1615 2289 1676 quercus,

800 1720 907 1778 per
937 1719 1085 1778 quas
1116 1695 1338 1756 blanda
1370 1698 1557 1754 fluens
1590 1716 1767 1754 rauco
1795 1710 1964 1756 sonat
1990 1698 2151 1756 unda
2183 1718 2442 1771 susurro,

800 1798 1161 1858 condensam
1183 1800 1412 1856 faciunt
1435 1795 1720 1855 frondoso
1754 1798 1964 1856 robore
1998 1802 2233 1874 silvam,

634 1902 754 1966 175
798 1900 1243 1982 excluduntque
1272 1899 1434 1959 diem
1460 1900 1676 1972 rumix,
1717 1902 2069 1981 intonsaque
2100 1902 2295 1958 laetae

797 2003 1076 2061 attollunt
1102 2005 1327 2080 capita,
1372 2012 1431 2058 et
1456 2002 1674 2059 vertice
1702 1999 1893 2059 sidera
1923 2003 2186 2080 pulsant.

796 2115 855 2162 et
889 2106 1060 2162 laeva
1089 2102 1418 2185 dextraque
1446 2105 1603 2161 acies
1633 2100 1864 2161 adstare
1892 2102 2145 2177 videres,

794 2208 1103 2285 multaque
1133 2208 1419 2284 ancipites
1453 2202 1866 2282 splendescere
1897 2207 2030 2264 luce
2060 2208 2369 2285 bipennes,

794 2309 1088 2367 terribiles
1107 2352 1124 2383 ,
1168 2319 1358 2366 aetate
1383 2327 1578 2386 pares.
1664 2308 1930 2365 imitatur
1959 2311 2282 2387 Olympum

628 2412 749 2475 180
791 2411 1001 2469 officiis
1024 2413 1295 2488 Augusta
1324 2408 1569 2467 domus:
1619 2409 1705 2465 sic
1732 2411 1932 2468 omnia
1959 2411 2136 2485 clara,

789 2514 875 2571 sic
901 2515 1166 2571 numeris
1197 2513 1349 2569 bene
1378 2521 1615 2589 compta
1647 2513 1801 2587 suis,
1845 2515 1928 2570 ita
1955 2513 2089 2569 luce
2117 2532 2374 2587 corusca,

794 2634 972 2674 aurea
1003 2617 1255 2673 convexi
1283 2616 1470 2673 veluti
1494 2614 1796 2671 rutilantia
1823 2616 1974 2673 caeli

789 2715 986 2775 sidera
1018 2735 1297 2775 mensura
1329 2717 1594 2775 numeris
1621 2725 1678 2773 et
1704 2715 1969 2794 pondere
2008 2736 2215 2775 cursus

788 2817 1097 2894 perficiunt
1125 2820 1339 2877 librata
1369 2839 1509 2893 suo,
1554 2819 1870 2898 stabilique
1900 2839 2136 2877 recessu

622 2915 742 2980 185
783 2917 954 2975 firma
978 2930 1222 2977 manent
1237 2963 1254 2994 ,
1297 2938 1604 2998 unumque
1630 2920 1802 2976 iubar
1825 2939 2005 2998 super
2028 2920 2228 2978 omnia
2252 2921 2476 2999 fulget:

788 3022 992 3077 omnia
1021 3021 1413 3078 succumbunt
1441 3021 1696 3078 flammis
1721 3021 2068 3080 melioribus
2097 3032 2274 3097 astra,

790 3131 850 3179 et
878 3141 997 3201 quo
1023 3131 1177 3179 tecta
1211 3122 1429 3196 latent,
1474 3124 1632 3198 regis
1659 3133 1983 3201 pascuntur
2011 3124 2084 3181 ab
2111 3125 2275 3201 igne.

781 3219 898 3279 hac
928 3243 991 3280 se
1018 3242 1373 3302 magnarum
1403 3225 1674 3281 Romana
1702 3226 1967 3303 potentia
1997 3246 2196 3284 rerum

782 3323 918 3401 lege
953 3335 1161 3383 tenens
1193 3322 1425 3384 medias
1454 3327 1610 3382 inter
1643 3345 1824 3404 super
1847 3327 2047 3384 omnia
2075 3336 2284 3404 gentes

618 3427 741 3490 190
779 3446 965 3506 regna
992 3429 1203 3503 micat,
1252 3427 1409 3485 claro
1436 3437 1672 3485 tantum
1697 3430 1803 3484 uni
1831 3426 2066 3487 subdita
2095 3431 2285 3488 caelo.

866 3531 1034 3587 Atria
1056 3531 1383 3608 praelargis
1411 3539 1647 3587 exstant
1673 3530 1964 3589 altissima
1987 3533 2180 3606 tectis,

782 3633 907 3690 sole
932 3634 1313 3690 metallorum
1339 3630 1743 3710 splendentia,
1787 3635 1940 3690 mira
1969 3643 2202 3711 paratu,

782 3742 842 3790 et
864 3734 1017 3791 facie
1044 3735 1179 3812 plus
1205 3735 1356 3792 mira
1386 3735 1537 3807 loci,
1585 3734 1865 3813 cultuque
1897 3737 2174 3813 superba.

778 3837 1053 3894 nobilitat
1078 3835 1312 3894 medios
1346 3832 1519 3893 sedes
1548 3838 1820 3913 Augusta
1847 3848 2113 3914 penates,

613 3938 735 4003 195
778 3950 1054 4018 quattuor
1089 3941 1326 3997 eximiis
1358 3937 1800 3995 circumvallata
1829 3938 2140 4013 columnis,

777 4059 927 4121 quas
956 4060 1134 4119 super
1169 4060 1247 4098 ex
1280 4037 1511 4118 liquido
1541 4038 1924 4116 praefulgens
1951 4042 2219 4120 cymbius
2241 4059 2387 4098 auro

775 4141 1094 4201 immodico
1111 4187 1127 4217 ,
1173 4142 1459 4200 simulans
1491 4144 1745 4199 convexi
1774 4143 2007 4200 climata
2036 4143 2205 4216 caeli,

772 4246 1110 4303 immortale
1147 4252 1324 4321 caput
1356 4243 1691 4325 soliumque
1722 4242 1981 4303 sedentis
2013 4245 2374 4304 obumbrans

774 4358 1047 4407 ornatum
1079 4346 1367 4425 gemmis,
1409 4363 1674 4427 auroque
1705 4357 1983 4427 ostroque
2013 4348 2358 4426 superbum,
