3210 5200
619 372 718 442 52
1286 425 1295 431 .
1541 370 1876 439 CORIPPl

790 538 933 597 litus
962 552 1309 609 arenosum3
1351 544 1497 594 tunc
1521 537 1788 596 tristibus
1821 542 1957 597 aeta
1987 537 2227 596 turbant

791 640 1026 698 flatibus
1044 681 1061 713 ,
1106 635 1370 697 adversis
1403 636 1741 698 scindentes
1766 641 1974 698 nubila
1997 641 2229 698 flabris:

787 744 873 801 sic
902 759 1142 818 campos
1170 740 1324 797 acies
1353 735 1551 800 densis
1580 743 1851 800 Romana
1881 745 2131 801 catervis

622 844 749 908 260
790 843 1021 916 turbat,
1064 851 1122 898 et
1156 841 1429 899 absentes
1459 842 1659 920 pulvis
1687 844 2176 924 iamlcomprimit
2201 840 2424 905 hostes.

791 954 999 1002 cautus
1025 944 1099 1000 ab
1125 941 1373 1000 adversa
1397 953 1733 1002 metuentes
1761 965 1906 1024 rupe
1938 947 2254 1024 Melangus

790 1043 973 1118 vidit3
1018 1055 1077 1103 et
1105 1046 1333 1123 ingenti
1359 1044 1607 1106 turbans
1635 1049 1892 1106 clamore
1924 1045 2193 1106 cohortes

788 1147 1038 1206 barbara
1062 1150 1233 1226 signa
1257 1145 1442 1206 dedit.
1525 1149 1820 1228 paulatim
1848 1149 2119 1230 linquere
2146 1168 2388 1229 campos

789 1249 1113 1329 incipiunt,
1159 1261 1218 1308 et
1242 1261 1369 1308 tuta
1398 1251 1555 1308 acies
1580 1271 1690 1330 per
1718 1261 1907 1309 castra
1937 1250 2286 1310 recondunt.

626 1348 751 1416 265
876 1354 958 1411 At
986 1353 1231 1411 veniens
1259 1352 1430 1411 fortis
1449 1397 1464 1426 ,
1513 1354 1770 1411 vallatus
1799 1364 1858 1411 et
1883 1355 2154 1433 agmine,
2200 1352 2410 1412 ductor

793 1454 1096 1513 montibus
1121 1456 1184 1511 in
1210 1457 1463 1512 smnmis
1492 1451 1793 1513 adstantes
1825 1458 2111 1535 conspicit
2134 1454 2359 1532 hostes,

794 1557 1241 1635 incolumesque
1274 1575 1413 1613 suos
1446 1553 1717 1632 gaudens
1744 1560 2005 1636 suscepit
2041 1567 2305 1617 ovantes.

793 1655 968 1733 hinc,
1009 1657 1135 1714 fera
1165 1674 1318 1735 quae
1347 1658 1540 1714 saevis
1571 1666 1632 1714 et
1663 1659 1855 1715 tristia
1882 1659 2043 1716 bella
2071 1661 2310 1737 periclis

793 1768 1058 1838 gesserat
1086 1760 1194 1815 illa
1224 1778 1439 1816 manus
1459 1801 1475 1832 ‚
1520 1757 1817 1832 referunt,
1862 1758 2186 1839 faucesque
2224 1761 2542 1840 malignas.

625 1861 751 1924 270
790 1861 1081 1939 praecipit
1105 1860 1232 1939 ipse
1257 1861 1401 1917 viris
1425 1860 1617 1918 fossas
1646 1870 1706 1918 et
1736 1870 1924 1919 castra
1950 1861 2148 1919 locare

792 1959 941 2021 haut
969 1964 1176 2042 procul
1207 1959 1456 2020 adverso
1484 1963 1773 2038 nimium,
1819 1960 1928 2022 sed
1951 1964 2219 2041 protinus
2236 2006 2253 2038 ‚
2297 1960 2490 2024 hoste.

795 2063 1110 2142 perficiunt
1138 2075 1451 2143 praecepta
1485 2065 1586 2121 citi
1605 2108 1621 2139 ,
1669 2065 2038 2146 planumque
2065 2086 2175 2146 per
2202 2085 2425 2148 aequor

797 2164 1053 2224 candida
1076 2185 1224 2225 mox
1251 2168 1442 2223 niveis
1470 2166 1664 2244 figunt
1686 2170 1940 2226 tentoria
1967 2168 2141 2225 velis.

797 2264 900 2325 hic
923 2270 1190 2326 Romana
1216 2287 1431 2325 manus
1459 2271 1667 2346 positis
1690 2270 2012 2329 fortissima
2043 2269 2247 2327 castris

629 2366 755 2432 275
798 2389 907 2448 per
930 2372 1163 2429 varium
1193 2369 1466 2428 discurrit
1503 2391 1673 2449 opus.
1759 2391 1898 2450 pars
1927 2390 2090 2429 arma
2123 2370 2356 2450 reponit

798 2471 920 2529 alta
949 2473 1123 2548 locis,
1166 2482 1378 2553 pensat
1401 2469 1711 2551 pharetras
1741 2492 2029 2555 arcusque
2058 2472 2336 2533 retendit.

799 2571 984 2632 ardua
1018 2594 1167 2657 quae
1200 2576 1374 2635 celsis
1404 2583 1738 2634 sustentent
1769 2577 1903 2634 vela
1931 2577 2244 2652 columnis,

800 2674 1009 2735 ordine
1038 2678 1341 2757 configunt
1365 2679 1552 2756 pratis
1578 2678 1645 2735 in
1674 2679 1958 2737 mollibus
1991 2676 2228 2753 hastas3

802 2788 980 2859 atque
1007 2777 1195 2837 hastis
1221 2780 1393 2837 solite
1421 2799 1531 2857 per
1555 2798 1797 2858 campos
1825 2789 1989 2837 scuta
2018 2781 2341 2856 reclinant3

633 2878 759 2942 280
800 2879 1130 2960 loricasque
1155 2900 1365 2959 graves
1393 2892 1452 2938 et
1485 2899 1667 2938 conos
1693 2881 1954 2958 pellibus
1981 2892 2189 2959 aptant

795 2985 1152 3059 suppositis3
1198 2979 1449 3060 glandes
1480 2992 1540 3040 et
1569 2989 1764 3039 cetera
1790 2983 1913 3039 tela
1945 2993 2260 3062 reponunt.

798 3079 1066 3160 alipedes
1091 3086 1333 3142 meritos
1361 3102 1499 3162 pars
1530 3084 1717 3141 altera
1751 3085 1977 3163 colligit
2004 3084 2240 3161 ardens,

801 3183 1022 3263 pabula
1046 3195 1201 3244 certa
1225 3187 1443 3246 ferens.
1532 3186 1726 3265 epulis
1750 3188 1913 3246 volat
1940 3188 2042 3245 ille
2070 3186 2353 3267 parandis

806 3282 1046 3345 doctus:
1086 3294 1237 3347 seua
1264 3290 1470 3348 locans
1497 3291 1754 3349 flammis
1784 3292 2067 3349 alimenta
2100 3294 2432 3366 ministrat3

637 3386 763 3455 285
801 3383 904 3446 hic
937 3386 1168 3467 gelidos
1193 3391 1386 3450 fontes
1414 3403 1594 3471 puteo
1613 3437 1630 3468 ‚
1674 3395 2008 3475 raptimque
2030 3414 2141 3472 per
2162 3391 2376 3453 herbas

801 3492 1076 3550 incurvos
1099 3504 1269 3572 parat
1294 3495 1397 3552 ille
1424 3505 1583 3554 toros
1604 3540 1621 3569 ,
1672 3505 1732 3553 et
1759 3496 1985 3554 fercula
2013 3497 2184 3575 ponit

805 3604 998 3653 comta
1025 3594 1175 3653 focis
1205 3607 1415 3675 aptans
1442 3595 1694 3676 dapibus
1719 3596 2135 3677 mundansque
2163 3599 2419 3659 fluentis.

886 3698 1187 3756 Maximus
1217 3699 1443 3758 interea
1476 3720 1645 3758 curas
1673 3702 1782 3758 sub
1811 3712 2048 3780 pectore
2077 3697 2287 3758 ductor

804 3797 1111 3874 volvebat,
1157 3797 1389 3859 diversa
1418 3822 1700 3876 movens,
1745 3813 2068 3883 gentesque
2097 3802 2380 3882 locosque

637 3901 764 3964 290
807 3901 1187 3982 captivosque
1221 3903 1432 3979 simul,
1472 3904 1699 3962 bellum
1735 3924 1883 3986 quos
1907 3905 2180 3983 gentibus
2209 3904 2389 3963 Afros

638 4049 741 4102 238
775 4049 1060 4104 scindentes
1085 4052 1158 4116 L,
1193 4051 1534 4106 scindentibus
1560 4053 1611 4103 '1'
1752 4055 1850 4109 261
1886 4059 2156 4107 uetuentes
2182 4054 2233 4107 T
2361 4054 2464 4109 264
2496 4053 2742 4108 recedunt
2764 4055 2825 4107 M

638 4120 744 4171 270
778 4120 1006 4189 precepit
1033 4123 1081 4171 '1’
1282 4123 1379 4175 271
1416 4129 1508 4173 aut
1537 4122 1585 4173 T
1786 4124 1913 4176 md.
1948 4121 2204 4193 proximus
2238 4125 2291 4177 '1'
2486 4125 2589 4178 277
2622 4124 2828 4178 celi-1³1·

638 4186 742 4240 285
780 4190 967 4257 puteo]
990 4196 1166 4259 portat
1188 4189 1249 4241 M
1379 4190 1503 4242 ibid.
1525 4186 1809 4259 raptimque
1833 4193 1894 4253 L,
1918 4198 2192 4261 rapuitque
2215 4194 2327 4249 Mt·
2460 4196 2562 4248 287
2587 4201 2738 4263 conte
2764 4195 2825 4253 Τ,

642 4265 824 4308 cuncta
871 4258 917 4309 11
1118 4258 1239 4309 ibid.
1291 4258 1413 4309 locis
1461 4261 1510 4311 '1'
1710 4261 1838 4313 ibid.
1885 4259 2107 4312 fluctetts
2159 4264 2208 4315 Τ
2407 4264 2512 4319 290
2553 4265 2713 4317 alitos·
2763 4265 2826 4329 Τ,

618 4325 780 4376 νΛίί·ἰιι
804 4325 887 4377 M:
925 4326 992 4381 cf.
1013 4325 1130 4380 331.
1166 4338 1219 4380 et
1241 4327 1427 4396 ubique
1454 4328 1562 4381 Afri
1587 4336 1708 4381 sunt
1729 4329 2086 4401 provinciales.
