3210 5200
898 392 1013 458 DE
1063 392 1580 459 MEROBAUDE
1629 394 1908 460 PRAEF.
2433 417 2503 463 rx

473 568 566 624 De
614 563 812 642 pretio
869 558 1299 618 anecdotorum
1353 558 1645 618 editorem
1690 557 1884 617 dicere
1931 561 2326 639 periculosum
2374 576 2501 639 est;

307 690 505 751 neque
537 685 909 745 magnopere
951 674 1156 721 metuo
1200 683 1310 735 ne,
1350 664 1450 720 vel
1490 664 1702 720 silente
1741 682 1875 736 me,
1918 664 2305 724 Merobaudes
2328 687 2500 726 meus

316 768 788 831 contemnendus
825 772 1005 847 poeta
1049 763 1241 823 videri
1277 767 1482 842 possit.
1569 765 1760 822 multa
1802 766 2066 842 profecto
2099 764 2194 825 his
2224 772 2500 826 carmini-

314 877 433 933 bus
471 878 674 931 insunt
712 872 945 928 fortiter
985 869 1272 945 cogitata,
1317 867 1573 945 plurima
1617 866 1919 944 eleganter
1961 866 2154 926 dicta:
2198 891 2508 952 nunquam

319 980 575 1055 ineptit,
625 993 784 1046 rare,
822 970 889 1029 id
913 968 1080 1050 quod
1108 972 1241 1027 aevi
1271 971 1484 1025 vitium
1512 980 1634 1043 est,
1680 980 1889 1027 tinnet.
1976 974 2052 1028 sit
2075 973 2139 1028 in
2171 970 2285 1030 hoc
2319 994 2508 1054 quae-

325 1078 473 1135 dam
503 1075 737 1134 editoris
768 1071 1187 1155 φιλοστοργίας
1234 1083 1435 1129 tamen
1464 1068 1620 1128 hanc
1650 1070 2174 1150 reprehensionem
2209 1096 2329 1133 non
2357 1075 2509 1136 adeo

321 1200 561 1254 vereor,
610 1188 679 1235 ut
704 1197 826 1236 non
849 1178 1043 1234 fatear
1076 1194 1290 1253 cupere
1317 1195 1416 1230 me
1449 1194 1588 1231 etun
1619 1174 1981 1251 Claudiano,
2028 1179 2123 1233 cui
2154 1179 2332 1234 aetati
2365 1198 2510 1257 pro·
2607 1208 2614 1219 .

318 1285 526 1340 ximus
572 1291 695 1354 est,
748 1282 979 1358 poetica
1023 1298 1257 1358 quoque
1291 1274 1468 1333 laude
1502 1279 1609 1333 vix
1635 1277 1976 1335 infertorem
2011 1280 2256 1336 censeri.
2344 1282 2511 1338 scili-

321 1395 450 1457 cet,
505 1380 572 1440 id
628 1380 790 1463 quod
834 1382 1234 1460 inscriptionis
1284 1379 1548 1457 elogium
1587 1378 1921 1457 praedicat,
1978 1382 2287 1459 ingenium
2332 1386 2511 1442 armis

320 1489 546 1566 pariter
583 1505 651 1541 ac
693 1485 829 1542 stilo
874 1495 1253 1558 exercuerat,
1307 1485 1443 1562 plus
1485 1485 1549 1540 in
1596 1484 1801 1540 castris
1845 1502 2025 1562 quam
2068 1485 2133 1540 in
2173 1482 2513 1543 scholarum

320 1591 451 1647 otio
493 1598 792 1645 versatus.
874 1587 941 1640 in
982 1587 1317 1644 universum
1345 1596 1546 1643 autem
1574 1583 1692 1642 hoc
1721 1582 2047 1641 tenendum
2077 1596 2195 1660 est,
2238 1588 2345 1644 illo
2377 1608 2513 1646 sae-

324 1690 472 1747 culo
497 1707 616 1767 quo
648 1687 804 1743 orbis
826 1687 1119 1745 Romanus
1150 1686 1528 1763 concidebat,
1572 1688 1753 1766 longe
1783 1688 1955 1766 plura
1982 1689 2384 1769 amplioreque
2417 1692 2513 1747 in-

327 1792 515 1870 genia
561 1791 817 1866 viguisse
859 1808 1037 1868 quam
1082 1792 1153 1848 iis
1196 1812 1348 1872 quae
1378 1793 1652 1871 proxime
1681 1802 2152 1870 praecesserant:
2211 1812 2514 1850 summum

326 1895 493 1952 enim
521 1888 837 1948 discrimen
854 1936 871 1966 ,
916 1912 1035 1972 quo
1063 1906 1310 1972 urgente
1337 1897 1803 1974 uniuscuiusque
1825 1896 2039 1973 privati
2066 1892 2324 1953 hominis
2354 1897 2515 1954 salus

322 2016 366 2053 a
394 1996 479 2052 rei
513 1993 788 2072 publicae
833 1995 1025 2052 salute
1063 1995 1391 2074 pendebat,
1436 1999 1668 2054 animos
1703 2018 1781 2053 ex
1813 1994 2040 2054 diutino
2081 2006 2317 2075 torpore
2349 1999 2515 2054 exci-

326 2108 483 2156 tatos
510 2098 853 2173 graviormn
883 2117 1083 2155 rerum
1113 2101 1565 2177 cogitationibus
1593 2100 1916 2178 implebat3
1962 2101 2119 2156 viros
2153 2111 2353 2157 autem
2381 2118 2516 2157 ma-

332 2220 483 2279 gnos
514 2201 579 2257 in
610 2198 830 2257 mediis
867 2202 1147 2279 periculis
1190 2201 1743 2284 discriminibusque
1785 2213 1955 2260 natos
2004 2211 2062 2258 et
2096 2201 2318 2275 factos,
2361 2203 2517 2260 inter

331 2304 709 2382 antiquarum
748 2306 1039 2362 virtutum
1079 2308 1280 2364 ruinas
1312 2308 1644 2364 eminentes
1664 2350 1679 2379 ,
1728 2316 1786 2363 et
1817 2324 2071 2386 quorum
2092 2305 2399 2360 immensis
2423 2303 2519 2360 la-

332 2404 577 2463 boribus
601 2406 883 2485 reliquiae
908 2409 1147 2485 imperii
1174 2409 1635 2482 sustinebantur,
1666 2410 1890 2466 sincere
1923 2417 1981 2463 et
2014 2426 2094 2463 ex
2123 2407 2320 2463 animo
2345 2424 2524 2482 prae-

342 2505 619 2565 dicabant
662 2507 1240 2590 admirabanturque.
1329 2512 1548 2591 quippe
1595 2511 1845 2568 Traiani
1890 2527 2037 2566 aevo
2084 2527 2280 2588 neque
2326 2504 2524 2563 clades

340 2620 624 2688 acceptae
664 2631 854 2692 neque
886 2615 1046 2692 parti
1086 2612 1377 2690 triumphi
1413 2611 1829 2668 condicionem
1865 2611 2153 2668 Italorum
2186 2607 2528 2664 mutabant:

336 2733 555 2771 verum
593 2732 628 2769 a
674 2716 886 2773 virtute
929 2727 991 2773 et
1036 2716 1320 2773 felicitate
1362 2716 1522 2773 Astii
1565 2715 1809 2792 eiusque
1850 2709 2167 2790 prudentia
2212 2708 2532 2790 pendebat,

336 2827 538 2874 utrum
564 2818 791 2875 Romae
817 2828 877 2875 et
903 2821 968 2874 in
992 2819 1163 2876 Italia
1192 2838 1398 2877 secure
1430 2819 1730 2874 viveretur
1748 2860 1765 2890 ,
1812 2835 1887 2871 an
1925 2814 2312 2873 barbarortun
2335 2814 2533 2871 saevi-

334 2922 424 2977 tia
462 2940 652 2999 usque
694 2923 759 2977 in
792 2921 1218 2978 remotissimos
1263 2919 1512 2998 angulos
1556 2929 1941 2998 grassaretur.
2027 2916 2207 2976 liuius
2251 2917 2418 2990 aevi,
2469 2916 2534 2972 in

337 3041 464 3101 quo
494 3041 795 3081 armorum
822 3023 1013 3101 gloria
1036 3025 1244 3082 Aetius
1274 3025 1402 3102 ipse
1430 3042 1498 3080 ac
1523 3023 1897 3096 Bonifacius,
1940 3022 2237 3102 pauloque
2267 3020 2527 3077 iuniores
2564 3036 2618 3090 p.
2654 3019 2760 3075 ΧΠ

334 3127 702 3183 Maiorianus
748 3136 809 3184 et
852 3126 1272 3202 Sebastianus,
1317 3127 1642 3201 florebant,
1691 3127 1802 3184 viri
1831 3127 1934 3183 vix
1957 3124 2068 3182 ulli
2092 3125 2360 3201 priorum
2397 3140 2535 3180 sae-

339 3227 617 3284 culorum
664 3226 804 3285 duci
850 3227 1132 3304 secundi;
1174 3232 1238 3288 in
1281 3250 1397 3311 quo
1431 3250 1553 3287 non
1584 3232 1762 3308 pauci
1789 3249 1961 3288 senes
1990 3227 2335 3307 superstites
2370 3237 2537 3284 erant

339 3330 454 3410 qui
484 3328 880 3390 Claudianum
905 3331 1244 3408 audissent,
1274 3345 1347 3392 ¹et
1368 3331 1530 3414 quod
1555 3336 1633 3391 D.
1663 3334 2066 3411 Augustinum
2094 3325 2535 3411 quodammodo

338 3432 465 3490 sibi
492 3433 744 3492 tribuere
784 3447 1050 3515 poterat,
1091 3433 1271 3496 huius
1289 3483 1305 3512 ,
1352 3439 1634 3518 inquam,
1678 3438 1811 3492 aevi
1839 3436 2076 3492 nullum
2104 3442 2410 3511 supererat
2438 3434 2537 3488 in·-

341 3535 519 3612 genii
542 3549 1030 3612 monumentum3
1074 3550 1253 3619 atque
1278 3541 1405 3618 ipsa
1430 3540 1700 3618 ingentia
1730 3538 1888 3594 Aetii
1916 3536 2073 3591 facta
2091 3578 2108 3606 ,
2142 3545 2379 3611 praeter
2399 3534 2538 3591 bre-

338 3638 660 3695 vissimam
698 3642 760 3697 iu
801 3639 1094 3700 chronicis
1125 3645 1527 3717 mentionem,
1565 3640 1889 3699 memoriae
1914 3634 2228 3694 hominum
2255 3637 2379 3693 fere
2407 3658 2540 3694 ere-

335 3752 449 3820 pta
478 3741 740 3799 fuerunt.
797 3745 999 3824 itaque
1027 3745 1343 3822 singularis
1367 3744 1583 3804 horum
1605 3745 2076 3820 fragmentorum
2108 3737 2213 3798 dos
2244 3750 2351 3814 est,
2381 3737 2543 3821 quod

340 3855 408 3902 et
452 3844 535 3901 ad
576 3865 775 3904 rerum
817 3858 1121 3924 gestanun
1163 3849 1438 3905 notitiam
1486 3844 1764 3905 nonnihil
1817 3844 2163 3917 conferunt,
2221 3854 2279 3900 et
2329 3862 2546 3900 aevum

344 3948 584 4024 ipsum,
632 3950 959 4029 qualesque
1001 3951 1108 4008 illo
1150 3961 1418 4029 tempore
1464 3951 1688 4008 fuerint
1719 3949 1951 4005 litterae
1983 3944 2376 4026 hominesque
2408 3965 2549 4003 eru-

348 4045 496 4122 diti,
538 4060 676 4107 ante
710 4053 914 4110 oculos
950 4054 1188 4112 sistunt.

520 4151 781 4212 Editoris
831 4155 1128 4231 officimn,
1177 4158 1240 4213 in
1284 4152 1630 4214 huiusmodi
1676 4155 1941 4237 reliquiis
1988 4148 2366 4229 recensendis
2386 4194 2401 4222 ‚
2454 4147 2552 4204 vel

334 4255 669 4333 praecipue
714 4260 871 4315 circa
903 4260 1319 4337 supplementa
1349 4278 1628 4316 versuum
1664 4268 2075 4315 truncatorum
2102 4254 2326 4312 versari
2353 4248 2551 4305 liben-

334 4367 438 4414 ter
492 4375 786 4436 agnosc03
842 4380 1096 4441 eumque
1151 4360 1424 4433 demmn‚
1470 4362 1572 4440 qui
1615 4381 1684 4417 ea
1729 4381 1881 4441 quae
1912 4361 2101 4416 fracta
2136 4366 2195 4413 et
2224 4353 2554 4411 deformata
