3210 5200
1029 444 1145 510 DE
1193 441 1601 511 nummus
1650 440 1964 513 rusum
2434 452 2578 539 313

410 608 1440 676 advaoemvatesorantsabmchah
1470 608 2580 695 tendo,termsicexsili12sutumfida

410 703 569 761 meis.
657 702 909 759 naun.

497 808 500 809 ’
580 801 680 866 15.
765 800 878 859 etsi
921 806 1058 878 post
1107 797 1608 878 praelocutionem
1654 806 1714 858 et
1762 798 2194 860 invocationem
2231 807 2441 880 poetae
2479 804 2579 862 in-

411 907 649 968 gressus
669 884 847 944 huius
871 885 1064 964 operis
1089 885 1286 944 nescio
1319 880 1464 965 quid
1489 886 1553 942 in
1581 904 1646 943 se
1674 894 2020 943 extraneum
2041 887 2338 967 planeque
2359 908 2581 947 novum

407 972 630 1031 habere
660 968 964 1044 videatur,
1007 965 1275 1049 mihique
1303 970 1419 1049 ipsi
1443 970 1679 1047 saepius
1710 970 2107 1048 suspicionem
2134 969 2271 1030 ideo
2312 974 2582 1030 iniecerit

410 1078 487 1114 ne
529 1055 645 1114 hoo
672 1056 801 1114 loco
831 1054 1021 1133 aliqui
1047 1073 1251 1113 versus
1281 1056 1600 1114 anteriores
1624 1055 1891 1112 fortassis
1924 1052 2231 1130 deessent,
2289 1057 2456 1114 nulla
2485 1066 2580 1114 ta-

409 1160 551 1199 men
579 1142 820 1201 omnino
846 1136 1091 1197 huiusce
1120 1138 1206 1196 rei
1231 1140 1578 1218 vestigiain
1609 1158 1703 1198 ms
1734 1140 2063 1218 exemplari
2097 1150 2401 1219 apparent,
2434 1142 2579 1223 quin

409 1227 534 1284 imo
570 1227 770 1284 omnia
797 1220 1020 1281 ibidem
1044 1224 1343 1302 superiora
1378 1243 1515 1282 cum
1546 1225 2041 1305 subsequentibus
2078 1226 2446 1283 continenter
2476 1245 2578 1283 co-

409 1308 677 1367 haerent.
758 1327 934 1385 porro
964 1304 1066 1364 hio
1096 1307 1208 1365 sub
1237 1309 1480 1367 nomine
1510 1308 1761 1381 domini,
1795 1310 1916 1367 nisi
1942 1310 2067 1367 iam
2095 1307 2171 1366 ad
2199 1308 2580 1370 Anastasium

407 1396 474 1452 in
498 1395 770 1473 proximo
809 1411 985 1451 versu
1021 1392 1403 1452 referendum
1429 1395 1538 1469 sit,
1581 1396 1783 1471 ipsum
1810 1395 2104 1452 Iustinum
2125 1395 2469 1469 Caesarem,
2512 1398 2593 1453 ut'

406 1479 556 1537 alias
581 1478 808 1558 passim
838 1478 903 1534 in
928 1474 1044 1535 hoo
1074 1482 1348 1556 poemate
1366 1521 1383 1553 ,
1443 1488 1544 1537 aut
1574 1480 1836 1558 aliquem
1859 1478 2126 1537 fortassis
2159 1478 2346 1536 alium
2382 1478 2486 1560 qui
2522 1488 2581 1538 et

407 1565 491 1621 ita
515 1570 858 1637 vocaretur,
913 1561 1249 1641 intelligere
1278 1563 1601 1641 corippum
1630 1563 1880 1621 arbitror
1906 1564 2063 1622 inter
2090 1564 2278 1641 ipsius
2306 1565 2581 1623 carminis

406 1644 837 1705 exhortatores.
879 1647 1063 1705 Rmz.
1147 1644 1302 1704 nihil
1338 1650 1552 1706 certius
1581 1666 1764 1727 quam
1786 1646 1908 1725 legi
1937 1657 2205 1725 oportere
2236 1667 2449 1705 amans
2474 1648 2583 1705 do·-

411 1733 620 1789 minos.
711 1728 939 1788 domini
969 1739 1106 1789 sunt
1138 1733 1399 1791 lustinus
1445 1742 1505 1791 et
1531 1729 1757 1809 Sophia
1775 1775 1793 1806 ‚
1854 1751 2105 1811 quorum
2146 1751 2352 1791 amans
2397 1751 2583 1812 quae-

407 1826 533 1874 stor
561 1813 640 1873 ad
669 1814 910 1874 eosdem
934 1815 1020 1873 ire
1050 1816 1375 1895 compellit.
1418 1819 1507 1875 sic
1532 1816 1688 1873 infra
1716 1835 1776 1874 v.
1801 1818 1884 1878 22
1911 1824 1971 1872 et
1997 1817 2099 1880 82.
2142 1817 2388 1875 Basra.
2430 1817 2582 1875 Rui-

410 1903 539 1957 zius
583 1898 770 1957 edidit
808 1899 1081 1958 dontinus
1092 1921 1118 1974 ;
1174 1911 1235 1959 et
1277 1898 1492 1960 dubius
1536 1898 1745 1958 haeret
1789 1917 1866 1956 an
1907 1901 1984 1956 sit
2023 1902 2282 1960 lustinus
2324 1919 2402 1958 an
2439 1919 2581 1959 vero

410 1986 776 2044 Anastasius.
863 1986 1094 2045 restitui
1127 1984 1418 2058 dominos,
1478 1985 1777 2044 Iustinum
1801 1984 2145 2060 intelligens
2178 1994 2236 2042 et
2265 1986 2391 2043 eius
2422 2003 2580 2043 uxo-

411 2089 539 2127 rem
572 2068 882 2148 Sophiam.
972 2089 1148 2148 porro
1176 2073 1320 2129 scite
1348 2072 1637 2148 Corippus
1666 2069 1853 2126 amori
1872 2069 2166 2127 Anastasii
2195 2071 2259 2127 in
2284 2071 2580 2148 principes

365 2188 374 2195 ·
409 2153 632 2229 tribuit,
678 2152 841 2233 quod
866 2155 983 2232 ipsi
1015 2163 1219 2213 auctor
1241 2156 1424 2213 fuerit
1446 2165 1514 2213 ut
1542 2155 1754 2213 Iustini
1781 2149 1991 2210 laudes
2017 2153 2275 2209 carmine
2310 2154 2579 2211 celebra-

408 2249 530 2312 ret3
573 2248 634 2295 et
674 2241 760 2298 sic
793 2239 860 2295 in
883 2236 1107 2315 Paneg.
1138 2242 1216 2301 31
1265 2238 1340 2297 de
1363 2240 1675 2298 Anastasio
1719 2238 1835 2295 ait:
1880 2255 2052 2315 quem
2084 2235 2304 2295 Christi
2341 2256 2579 2297 munera

393 2322 602 2398 fidum
625 2322 900 2401 cognovit
924 2323 1232 2399 princeps.
1319 2325 1518 2382 Foco.

394 2523 461 2605 s
499 2525 511 2538 .
581 2441 683 2584 13.
715 2457 870 2519 pars
893 2459 1121 2519 magna
1148 2457 1228 2499 ex
1258 2439 1364 2519 illo
1392 2442 1652 2503 Maronis
1677 2451 1801 2500 est:
1831 2449 1889 2500 et
1913 2459 2164 2521 quorum
2182 2460 2329 2520 pars
2351 2458 2579 2520 magna

435 2544 528 2583 ιιι.
669 2540 865 2585 Anu-n.

587 2632 687 2693 17.
771 2628 1118 2706 compositor
1157 2647 1389 2687 morum
1426 2648 1729 2689 censorem
1764 2627 2055 2708 designat.
2139 2627 2285 2687 iuris
2310 2628 2581 2687 sacerdos

411 2708 579 2770 haud
607 2710 785 2770 dubie
813 2730 894 2770 ex
919 2712 1249 2771 recentium
1271 2723 1403 2772 tum
1427 2733 1464 2771 a
1490 2717 1910 2793 compositione
1929 2711 2363 2773 Pandectarum
2385 2715 2579 2792 primo

413 2797 587 2857 titulo
630 2794 983 2856 derivatum.
1066 2797 1248 2855 verba
1290 2798 1565 2857 omnibus
1602 2801 1668 2856 in
1702 2809 1980 2879 promptu
2011 2796 2343 2857 adscribere
2372 2817 2582 2877 super-

412 2879 655 2940 sedebo.
740 2901 846 2940 cur
879 2900 1019 2939 vero
1064 2878 1271 2941 deesse
1310 2881 1538 2963 aliquid
1568 2894 1803 2962 putaret
1834 2884 2180 2963 Assagrius‚
2223 2885 2329 2963 qui
2354 2901 2585 2941 morem

410 2966 708 3025 inferioris
738 2966 871 3024 aevi
893 2971 1205 3044 poetarum
1227 2968 1489 3046 penitius
1518 2978 1895 3048 perspectum
1921 2989 2043 3028 non
2070 2966 2328 3027 habebat
2343 3013 2361 3044 ‚
2406 2986 2583 3027 causa

409 3070 533 3111 non
566 3061 713 3110 erat.
799 3053 904 3131 qui
934 3069 1072 3109 cum
1097 3049 1177 3108 ad
1201 3049 1316 3111 hoc
1342 3056 1717 3131 prooemium
1743 3056 2128 3113 Dracontium
2164 3064 2221 3111 et
2245 3054 2585 3131 Eugenium

405 3154 451 3193 a
488 3156 554 3195 se
589 3135 778 3196 editos
822 3147 1143 3211 memorat,
1214 3138 1359 3195 facit
1389 3140 1707 3217 insigniter
1734 3160 1845 3198 nos
1894 3136 2095 3198 dolere
2131 3138 2325 3195 fatmn
2367 3136 2583 3195 horum

411 3219 712 3295 locorum,
762 3218 841 3278 ad
866 3238 1020 3300 quae
1051 3220 1126 3278 ab
1157 3223 1449 3300 Hispania
1478 3225 1617 3283 libri
1651 3225 1807 3282 nulli
1837 3224 1962 3282 fere
1990 3224 2253 3284 veniunt.
2333 3224 2584 3281 Buri-n.

413 3313 557 3361 nota
594 3305 798 3363 titulos
840 3306 1140 3364 Anastasii
1185 3307 1512 3385 quaestoris
1550 3309 1764 3367 lustini
1787 3311 1830 3371 2
1860 3309 2004 3385 imp.
2025 3351 2042 3383 ,
2103 3308 2268 3365 cuius
2305 3305 2585 3365 laudibus

415 3387 1039 3468 carmen.praeoedens
1067 3387 1328 3448 dicatum
1350 3391 1486 3448 fuit.
1552 3393 1640 3449 sic
1677 3390 1949 3449 Iustitiae
1971 3391 2298 3450 sacerdotes
2323 3393 2584 3468 impera·
2616 3419 2624 3432 ·

383 3527 388 3536 ,
416 3482 568 3529 tores
612 3473 840 3532 salutat
875 3471 1272 3553 Symmachus
1309 3477 1387 3536 10
1433 3494 1529 3553 ep.
1560 3472 1661 3539 54.
1747 3474 1835 3532 sic
1879 3484 1940 3531 et
1969 3476 2258 3553 Ulpianus
2294 3476 2584 3532 iuriscon-

411 3557 607 3616 sultos
628 3557 951 3616 sacerdotes
973 3559 1236 3617 ἰιωέὶιίαε
1267 3569 1438 3617 vocat
1461 3560 1506 3617 l.
1542 3561 1578 3622 1
1604 3561 1681 3616 1).
1721 3555 1797 3615 de
1833 3558 1973 3615 iust.
2002 3568 2060 3615 et
2088 3560 2204 3616 iur.
2288 3560 2374 3616 sio
2397 3559 2582 3629 Quin-

412 3643 660 3700 kilianus
692 3646 767 3706 11
800 3645 836 3705 1
866 3642 1141 3703 Servium
1156 3644 1479 3723 Sulpitium
1502 3644 1651 3702 iuris
1672 3643 1995 3701 antatium
2018 3642 2279 3722 appellat
2298 3659 2319 3718 ς
2357 3651 2416 3701 et
2438 3642 2580 3701 Gel-

414 3726 533 3788 lius
571 3731 648 3791 13
683 3724 725 3789 4
753 3727 1026 3785 iudicata.
1114 3730 1301 3788 Rrrr.

588 3827 683 3890 18.
766 3824 871 3886 hic
911 3838 1001 3886 est
1036 3828 1142 3886 ille
1181 3829 1438 3889 Thomas
1476 3849 1664 3911 agens
1709 3831 1776 3889 in
1814 3829 1987 3892 rebus
2026 3849 2063 3888 a
2088 3826 2314 3888 Iustino
2351 3826 2579 3887 seniore

418 3908 497 3966 ad
520 3910 942 3988 inquirendum
966 3923 1168 3971 contra
1190 3912 1517 3975 haereticos
1542 3918 1793 3976 missus:
1835 3917 2026 3996 liquet
2052 3934 2130 3972 ex
2141 3914 2339 3987 Quint.
2354 3909 2580 3992 Synod.
2688 3935 2694 3942 ·

418 4004 533 4051 aet.
560 3996 623 4055 7.
708 3995 923 4057 deinde
949 4010 1293 4078 exquaestor-
1314 4002 1475 4058 sacri
1489 4001 1719 4079 palatii
1742 4001 1852 4060 sub
1882 4000 2207 4059 Iustiniano
2223 4040 2240 4072 ,
2281 4017 2435 4056 unus
2466 3996 2580 4054 fuit

417 4096 456 4132 e
489 4076 836 4139 decemviris
871 4081 1059 4142 codici
1100 4082 1475 4163 compilando
1494 4129 1512 4160 ‚
1571 4105 1652 4144 ex
1679 4087 2108 4145 Constitutione
2147 4081 2222 4140 de
2263 4101 2403 4141 nov.
2448 4077 2580 4139 cod.

422 4159 537 4217 fac·
555 4204 572 4234 ‚
610 4173 674 4220 et
702 4164 948 4225 fortasse
972 4166 1138 4225 idem
1164 4179 1255 4228 est
1281 4171 1448 4228 cuius
1472 4172 1746 4229 meminit
1774 4165 2182 4228 Christodorus
2205 4172 2379 4246 potita
2410 4162 2582 4223 The-

422 4244 611 4302 banus
637 4248 846 4326 eopits
869 4249 975 4307 lib·
1002 4253 1042 4316 6
1076 4251 1397 4333 Antholog.
1425 4274 1568 4312 nam
1593 4252 1916 4334 epigraphe
1944 4255 2080 4312 talis
2106 4261 2197 4312 est
2220 4253 2404 4329 epigr.
2433 4249 2581 4312 128:

421 4328 511 4401 εἷς
536 4321 930 4396 ’Λνᾱστᾶσιον
957 4336 1145 4413 Omni
1175 4339 1492 4419 πατρικίου
1518 4339 1623 4401 καὶ
1652 4337 1975 4420 λογοθέτου
2003 4341 2111 4401 τοῦ
2137 4329 2389 4415 δρόμου.
2471 4329 2585 4387 fuit

307 4425 312 4450 ⁷
422 4430 585 4492 ⁶¹80,
629 4425 696 4475 ¹¹¹
722 4429 987 4496 θΡΡᾶῐοῐ,
1031 4416 1130 4477 hio
1157 4424 1501 4485 Anastasius
1530 4425 1656 4506 (cui
1683 4433 1873 4483 erecta
1898 4426 1964 4481 in
1991 4425 2145 4482 circo
2171 4418 2342 4497 cpoli
2367 4411 2584 4492 statua)
