3210 5200
641 343 788 430 100
1280 383 1285 388 ·
1568 356 1908 426 CORIPPI

845 519 1117 605 protinus
1147 522 1442 584 inflexum
1471 534 1679 583 curvat
1706 524 2066 584 fortissimus
2092 541 2316 602 arcum,

846 635 1217 707 excussaque
1248 627 1389 684 serit
1416 626 1637 685 fortem
1664 628 1930 705 Maggite
1960 630 2197 706 sagitta.

680 727 807 796 975
849 729 1109 787 volvitur
1137 728 1239 785 ille
1266 724 1519 786 cadens:
1564 747 1772 787 cursus
1798 732 2059 787 servavit
2093 726 2321 788 arumde

847 831 1024 911 pulsa
1054 850 1225 905 suos,
1268 832 1433 889 saevi
1461 830 1700 909 fugiens
1724 850 1837 909 per
1857 833 2114 911 timpora
2141 833 2404 891 cambri.

848 932 1139 991 Cambrus
1164 942 1229 990 ut
1256 931 1473 990 infelix
1491 975 1508 1007 ‚
1553 931 1752 990 alieno
1772 933 2019 991 vulnere
2047 945 2271 1013 raptus,

849 1036 1070 1094 corruit
1091 1036 1155 1092 in
1184 1035 1472 1110 frontem,
1516 1035 1879 1112 annigernm
1905 1037 2194 1115 Barsippa
2218 1036 2431 1116 petivit

849 1145 1150 1218 protectus
1180 1137 1405 1215 clipeo,
1450 1146 1511 1194 et
1532 1137 1750 1194 librata
1779 1141 2042 1197 concitus
2064 1135 2236 1197 hasta

678 1243 806 1305 980
845 1240 1167 1300 subsiliens
1182 1284 1199 1314 ,
1243 1236 1388 1297 dum
1412 1237 1567 1298 ludit
1586 1258 1876 1317 magnum
1899 1241 2158 1299 umbone
2182 1261 2292 1319 per
2317 1237 2571 1311 hostem,
2647 1253 2652 1260 ·

848 1333 1231 1422 pinnigerum
1257 1342 1545 1420 Barsippa
1577 1325 1730 1400 leris
1763 1361 1873 1421 per
1903 1345 2127 1402 viscera
2157 1345 2382 1401 ferrum
2645 1321 2650 1328 ⁶

845 1446 1128 1524 suscipit,
1172 1454 1233 1502 et
1260 1462 1485 1522 magno
1515 1439 1592 1499 ad
1620 1452 1839 1501 terram
1871 1464 2007 1502 cum
2037 1443 2302 1525 pondere
2337 1446 2533 1505 fluxit.

847 1549 1239 1628 praecipitem
1262 1547 1500 1604 Vulmir
1527 1545 1838 1619 Zisacum,
1881 1566 1990 1625 per
2017 1547 2178 1606 bella
2209 1558 2499 1623 ruentem,

852 1649 1263 1728 consequitur,
1306 1647 1610 1725 missaque
1637 1646 1834 1705 infixit
1864 1651 2197 1706 comminus
2222 1646 2415 1707 hasta.

677 1748 806 1814 985
846 1748 989 1808 hinc
1009 1751 1250 1826 nigrum
1275 1749 1645 1805 Manonasen
1677 1750 1801 1826 agit
1819 1793 1835 1822 ,
1886 1751 2211 1828 sternitque
2240 1762 2552 1811 cruentum

848 1872 992 1910 ense
1017 1853 1235 1910 virum.
1322 1859 1490 1928 rapto
1524 1851 1778 1907 moritur
1802 1850 2057 1909 Vascina
2083 1851 2330 1910 lacerto.

845 1952 1136 2011 Bulmizis
1165 1971 1448 2010 mucrone
1476 1951 1653 2009 ferox
1684 1951 1974 2031 fortisque
2002 1951 2274 2010 'ramam

845 2056 1160 2132 sternitur,
1205 2064 1263 2114 et
1290 2051 1439 2113 duro
1474 2052 1728 2113 confisus
1755 2055 2048 2111 Martzara
2079 2053 2228 2131 pilo.

852 2158 965 2216 Ast
993 2158 1122 2216 Tor
1150 2157 1359 2215 acerba
1386 2157 1592 2214 furens
1610 2200 1626 2230 ‚
1670 2175 1989 2234 germanus
2021 2156 2357 2234 comprimit
2390 2154 2605 2234 Arzen,

674 2257 805 2323 990
843 2269 904 2317 at
932 2247 1132 2318 Salius
1156 2257 1440 2317 Meniden
1456 2303 1473 2332 ,
1514 2259 1868 2337 Mestanque
1892 2259 1956 2315 in
1983 2277 2130 2336 rupe
2155 2256 2473 2319 Iohannes.

847 2360 1083 2420 Tanala
1113 2372 1335 2421 mactat
1358 2365 1518 2436 hen,
1553 2361 1769 2419 Vitalis
1797 2357 2088 2417 arundine
2112 2361 2326 2436 Tizen‚

848 2462 1204 2546 Fisculaque
1230 2466 1537 2543 ingentem
1565 2460 1780 2521 deiecit
1802 2462 2047 2520 vulnere
2072 2463 2342 2523 Frecten.

930 2568 1063 2626 Iam
1093 2568 1291 2647 gravis
1316 2565 1670 2626 incumbens
1695 2568 1931 2625 Mavors
1959 2566 2264 2646 compulsa
2287 2568 2506 2627 timore

845 2674 1087 2749 agmina
1119 2672 1370 2751 cogebat
1394 2669 1530 2729 fidis
1559 2667 1877 2728 succedere
1906 2670 2145 2742 castris3

676 2765 805 2834 995
844 2774 1022 2832 miles
1051 2783 1111 2831 et
1139 2775 1203 2831 in
1230 2771 1446 2831 mediis
1469 2774 1712 2831 Mauros
1731 2781 2006 2829 truncare
2029 2770 2275 2827 camelis

843 2886 1143 2954 coeperet,
1190 2875 1575 2953 obsessasque
1602 2873 1800 2951 gravis
1831 2870 2168 2952 dirumpere
2196 2874 2413 2935 fossas·-

844 2971 947 3033 hic
977 2995 1117 3034 vero
1147 2978 1378 3054 ingenti
1410 2976 1777 3032 concurritur
1801 2971 2067 3054 undique
2101 2993 2335 3053 pugua;

843 3077 1217 3157 Romanique
1247 3077 1429 3135 simul
1456 3076 1640 3134 fortes
1663 3077 1976 3156 Maurique
2006 3077 2262 3136 rebelles

844 3179 1194 3259 pacificique
1220 3187 1419 3237 ruunt.
1502 3178 1688 3236 frater
1710 3197 1824 3235 nec
1850 3181 2121 3256 cognitus
2148 3181 2262 3238 ulli

643 3279 804 3344 1000
842 3281 1090 3359 pulvere
1115 3290 1421 3338 concretus
1439 3324 1456 3354 ‚
1500 3296 1705 3339 carum
1732 3300 1845 3338 nec
1877 3292 2055 3341 notus
2080 3284 2340 3340 'amicum

843 3398 1084 3441 cernere
1114 3394 1253 3441 tunc
1280 3384 1506 3462 potnit,
1557 3384 1826 3441 clvemve
1856 3401 2177 3461 agnoscere
2199 3387 2366 3445 civis.

845 3487 1208 3544 miscuerant
1240 3488 1399 3544 acies
1430 3486 1598 3544 nullo
1634 3482 1976 3544 discrimine
2003 3497 2232 3546 turmas

844 3587 1035 3647 Marte
1062 3589 1259 3667 gravi,
1302 3585 1620 3670 densisque
1646 3590 1952 3646 incurrtmt
1981 3592 2221 3668 agmina
2251 3590 2406 3649 telis.

843 3691 951 3748 vix
984 3691 1128 3748 sinit
1154 3690 1407 3748 obnixas
1442 3691 1688 3749 confuso
1716 3693 1904 3748 Marte
1935 3702 2197 3749 catervas

639 3790 803 3856 1005
842 3792 1016 3851 turba
1041 3812 1281 3852 movere
1309 3812 1557 3852 manus:
1610 3793 1992 3870 confringunt
2021 3803 2257 3871 pectore
2285 3804 2493 3871 pectus

846 3904 909 3952 et
937 3896 1145 3975 clipeis
1172 3898 1426 3976 clipeos,
1472 3905 1532 3954 et
1552 3898 1717 3954 conis
1741 3897 2014 3975 proxima
2042 3905 2324 3975 quassant

809 4022 814 4030 ·
844 3998 1021 4056 fortia
1057 3999 1210 4058 oolla
1237 4001 1455 4058 virum.
1536 3999 1664 4055 iam
1689 3999 1925 4057 nescius
1950 3999 2166 4076 accipit
2190 3994 2378 4057 hostis

845 4120 1023 4161 saeva
1050 4120 1159 4180 per
1181 4100 1442 4158 occultos
1472 4100 1780 4158 confossus
1810 4101 2057 4158 vulnera
2091 4100 2331 4160 cultros.

636 4248 739 4301 977
774 4246 893 4301 felix
933 4251 984 4303 Τ
1180 4250 1285 4303 997
1316 4250 1472 4315 vero]
1519 4263 1620 4300 non
1667 4250 1740 4313 Τ,
1794 4256 1959 4301 tumen
1998 4248 2060 4301 M
2263 4253 2393 4308 1001
2426 4269 2740 4324 cognoscere
2779 4258 2835 4309 Τ

639 4316 774 4370 1003
804 4317 1002 4386 agmine
1023 4318 1167 4387 apud
1188 4316 1250 4371 M
1452 4319 1586 4374 1008
1619 4320 1866 4373 confoxos
1889 4318 2101 4375 uulnere
2125 4321 2186 4378 Τ.
