3210 5200
979 435 1094 503 DE
1143 434 1553 502 LAUDIBUS
1600 434 1934 502 IUSTINI.
2389 434 2482 508 41
2498 438 2535 509 1

534 606 637 671 59.
721 601 1033 682 apostolici
1056 602 1299 660 nomine
1339 619 1513 659 omne
1544 598 1708 681 quod
1736 601 2043 680 egregium
2076 611 2164 660 est
2190 602 2344 662 inter
2370 623 2535 664 sacra

368 693 705 762 honoratur,
749 699 815 746 ut
843 687 1229 765 apostolicum
1252 697 1423 745 vocat
1447 687 1741 764 templum
1754 687 2151 765 Cpolitauum,
2194 687 2356 766 quod
2380 691 2534 749 alio-

367 781 510 859 quin
542 777 607 834 S.
642 772 901 852 Sophiae
933 770 1191 829 dicatum
1230 781 1383 845 erat,
1443 771 1750 850 Corippus.
1806 774 2053 831 Bia-ru.
2148 770 2424 832 Barthius
2457 773 2535 832 ad

367 861 527 920 hunc
551 861 753 919 locum
783 856 1063 915 historiae
1095 858 1289 914 minus
1318 857 1574 934 peritum
1601 876 1665 914 se
1696 854 1911 935 prodit.
1996 857 2410 916 Constantinus
2447 861 2533 916 Μ.

366 957 603 1025 praeter
636 941 846 1001 aedem
874 938 1237 1019 Sophianam
1284 942 1576 1020 templum
1625 943 1802 998 etiam
1846 961 1925 1000 ss.
1957 944 2359 1019 apostolorum
2391 963 2537 1001 con-

368 1030 540 1105 didit,
584 1027 745 1109 quod
776 1047 898 1086 non
931 1046 1099 1084 secus
1134 1045 1203 1083 ac
1225 1025 1434 1084 aedem
1460 1022 1827 1104 Sophianam
1854 1028 2210 1085 lastinianus
2241 1028 2324 1084 Μ.
2357 1047 2534 1086 reno-

368 1117 547 1172 vavit.
632 1116 696 1169 in
741 1110 853 1171 hoc
897 1120 1095 1168 autem
1137 1112 1358 1189 templo
1404 1112 1525 1169 illis
1552 1110 1960 1184 solummodo,
2026 1114 2131 1190 qui
2159 1110 2234 1169 de
2266 1114 2534 1190 Augusta

368 1209 535 1257 erant
562 1197 790 1255 familia
809 1241 827 1270 ,
878 1194 1113 1273 sepeliri
1142 1196 1231 1254 sas
1261 1206 1403 1253 erat.
1490 1193 1628 1252 vide
1657 1198 2010 1275 Procopium
2040 1196 2144 1253 lib.
2179 1201 2206 1258 1
2245 1193 2319 1254 de
2344 1195 2533 1255 Aedi-

365 1285 534 1343 ficiis.
617 1285 816 1360 itaque
845 1279 1070 1337 ibidem
1097 1278 1395 1358 depositus
1432 1289 1519 1339 est
1544 1282 1921 1339 lastinianus.
2006 1282 2204 1339 Fooo.

532 1370 633 1429 60.
719 1367 1030 1423 Iustiniani
1073 1367 1408 1443 sepulcrum
1445 1384 1633 1444 usque
1681 1364 1757 1423 ad
1786 1367 2130 1423 Latinorum
2161 1366 2532 1424 iuvasionem

364 1454 544 1525 stetit,
573 1461 632 1507 et
661 1453 895 1508 Nicetas
921 1447 1239 1508 choniates
1265 1451 1337 1506 de
1364 1453 1578 1507 statuis
1616 1450 1810 1508 Const.
1847 1461 2046 1508 narrat
2069 1452 2332 1524 Latinos,
2359 1471 2536 1528 aper-

363 1540 442 1596 tis
466 1540 889 1614 imperatorum
918 1534 1201 1612 sepulcris
1238 1535 1444 1613 positis
1469 1536 1756 1593 infleroo
1783 1533 1862 1592 ad
1887 1553 2177 1613 magnum
2205 1534 2530 1614 discipulo-

366 1642 499 1680 rum
522 1619 738 1678 Christi
766 1620 1073 1697 templum,
1115 1628 1294 1676 noctu
1319 1622 1517 1677 omnia
1551 1616 1882 1697 diripuisse,
1929 1629 1986 1678 et
2013 1622 2322 1678 Iustiniani
2349 1619 2527 1679 cada-

365 1727 472 1763 ver
497 1706 843 1762 inviolatum
865 1715 1007 1761 tunc
1033 1722 1160 1760 esse
1195 1713 1510 1782 repertum.
1564 1702 1701 1762 vide
1729 1703 2096 1762 Bandurium
2117 1708 2271 1784 Imp.
2302 1707 2525 1764 Orient.

371 1794 404 1853 1
438 1790 543 1847 lib.
574 1794 611 1853 6
641 1811 702 1868 p.
740 1791 876 1851 107.
960 1789 1156 1846 Fooc.

533 1877 633 1937 61.
707 1875 881 1952 pins]
916 1875 1093 1949 prius
1123 1882 1266 1951 puto
1295 1873 1530 1946 melius,
1574 1870 1639 1930 id
1669 1881 1757 1930 est
1781 1881 2100 1951 antequam
2124 1871 2342 1932 obiret:
2382 1892 2525 1931 nam

364 1959 727 2017 monimenta
758 1958 871 2015 sibi
910 1959 1032 2016 vivi
1068 1959 1390 2016 struebant.
1475 1958 1721 2015 Sueton.
1757 1958 1915 2034 Aug.
1956 1976 2005 2014 c.
2036 1960 2179 2019 100.
2264 1957 2407 2016 Sen.
2447 1957 2523 2015 de

363 2045 570 2102 brevit.
599 2044 754 2100 vitae
785 2062 835 2099 c.
869 2043 1016 2100 ult:
1060 2042 1379 2120 disponunt
1400 2042 1577 2098 etiam
1601 2061 1757 2119 quae
1779 2041 1943 2098 ultra
1970 2043 2157 2099 vitam
2186 2052 2353 2112 sunt,
2395 2062 2523 2100 mo-

362 2128 447 2186 les
489 2127 910 2204 sepulc-norum.
969 2128 1250 2186 Duas-r.
1334 2127 1619 2204 intelligit
1651 2129 2070 2204 imperatorem
2112 2128 2523 2202 lastinianum,

360 2233 423 2294 q.
452 2212 513 2271 d.
547 2211 588 2282 ὁ,
604 2212 953 2290 μακαρίτης,
993 2208 1037 2276 ὁ
1056 2215 1165 2289 τῆς
1187 2205 1471 2288 εὐσεβοῦς
1498 2205 1752 2290 λήξεως,
1808 2220 1876 2267 ut
1905 2211 2225 2289 imperator
2264 2208 2338 2267 de
2367 2221 2521 2269 retro

359 2296 723 2376 principibus
750 2297 918 2373 loqui
945 2304 1103 2351 amat
1130 2297 1195 2351 in
1219 2296 1502 2352 Novellis.
1560 2312 1741 2374 quare
1769 2310 1892 2353 ιισιι
1914 2296 2099 2373 probo
2130 2296 2526 2355 coniecturam

361 2383 558 2441 Ruizii
586 2381 783 2457 legere
819 2378 1070 2436 volentis
1090 2381 1266 2456 prius
1291 2398 1396 2457 pro
1414 2380 1581 2455 pius.
1670 2380 1856 2437 nm.

530 2462 610 2521 ib.
700 2461 840 2520 hinc
880 2460 1164 2520 creditum
1207 2472 1297 2521 est
1324 2464 1633 2522 Iustiniani
1675 2464 2013 2542 sepulcrum
2041 2482 2121 2520 ex
2151 2482 2290 2521 auro
2313 2464 2521 2522 fuisse.

361 2547 471 2611 sed
494 2547 642 2624 hoo,
696 2547 857 2629 quod
884 2551 1082 2607 minus
1111 2549 1407 2608 versimile
1432 2547 1622 2608 videri
1649 2558 1849 2628 posset
1867 2592 1884 2623 ,
1938 2548 2159 2607 falsum
2186 2549 2363 2607 etiam
2393 2568 2522 2609 esso

364 2646 591 2695 constat
632 2654 714 2691 ex
753 2634 1068 2693 manifesto
1094 2634 1463 2692 Constantini
1490 2632 2036 2714 Porphyrogenneti
2074 2634 2408 2692 testimonio
2445 2632 2522 2693 de

363 2720 746 2780 caeremoniis
782 2719 973 2776 Aulae
1010 2720 1372 2797 Byzantiuae
1395 2763 1413 2793 ,
1464 2719 1566 2775 ubi
1608 2723 1648 2781 2
1698 2718 1810 2793 42,
1876 2720 2155 2797 inscripto
2197 2719 2272 2777 ‘de
2320 2720 2524 2796 sepul-

364 2809 482 2865 cris
517 2808 977 2882 imper-morum,
1020 2824 1174 2883 quae
1213 2815 1351 2861 sunt
1394 2805 1458 2861 in
1503 2802 1719 2881 templo
1755 2824 1833 2862 es.
1879 2803 2316 2881 apostolorum,
2355 2815 2521 2863 notat

361 2888 825 2970 sarcophagum,
897 2890 960 2946 in
998 2908 1115 2967 quo
1154 2889 1381 2946 iacebat
1420 2907 1631 2987 corpus
1670 2889 1980 2947 Iustiniani
2024 2891 2144 2963 Μ.
2211 2890 2392 2948 fuisse
2451 2910 2521 2948 es·

361 2996 651 3035 marmore
680 2975 996 3051 peregrino
1032 2973 1163 3030 rari
1202 2983 1257 3030 et
1293 2975 1433 3032 miri
1468 2972 1703 3044 colom,
1746 2975 1853 3053 qui
1889 2973 2116 3032 medius
2141 2974 2281 3051 sere
2313 2976 2390 3031 sit
2420 2976 2519 3032 in·-

358 3073 449 3120 ter
502 3060 750 3119 colorem
788 3058 1068 3134 Bithynii
1118 3068 1176 3114 et
1219 3057 1637 3116 Chalcedonici
1683 3061 2030 3129 marmoris,
2090 3059 2302 3117 similis
2352 3080 2516 3116 mar-

358 3148 512 3205 mori
554 3146 825 3203 Osci-itae.
912 3144 1114 3222 itaque
1152 3144 1217 3199 in
1251 3140 1364 3201 hoc
1406 3144 1647 3222 corippi
1687 3162 1863 3203 versu
1905 3144 2182 3204 nuizium
2222 3143 2379 3200 male
2421 3144 2515 3201 le-

362 3233 517 3309 gisse
549 3231 810 3308 suspicor
840 3237 1265 3297 construxerat,
1309 3238 1367 3285 et
1404 3229 1601 3305 potius
1641 3226 1964 3306 legendum
2001 3247 2129 3286 esse
2161 3230 2516 3285 constrinxe-

361 3326 483 3386 rat,
524 3314 622 3373 vel
644 3314 781 3393 quia
807 3330 993 3371 serras
1024 3332 1103 3370 ex
1133 3331 1275 3369 auro
1308 3312 1644 3391 apposuerit
1671 3312 1783 3391 (sic
1808 3316 1968 3371 enim
1994 3313 2195 3372 Cicero
2218 3334 2325 3392 pro
2342 3313 2513 3372 Sext.

366 3402 441 3462 16
469 3400 716 3477 scripsit,
758 3398 1083 3476 constringi
1105 3399 1350 3466 eatenis.
1393 3397 1719 3474 constringi
1742 3395 2014 3475 laqueis),
2059 3398 2158 3457 vel
2181 3400 2322 3478 quia
2347 3395 2514 3455 adie-

363 3484 509 3540 cerit
534 3484 729 3562 aliqua
754 3500 833 3538 ex
860 3500 1000 3539 auro
1029 3482 1127 3539 vel
1155 3501 1235 3539 ex
1253 3481 1496 3538 metallo
1522 3489 1723 3538 aurato
1751 3474 2127 3555 ornameffla,
2183 3501 2299 3562 qua
2324 3483 2514 3558 signi-

362 3567 631 3624 ficatione
671 3567 852 3624 utitur
883 3584 1027 3624 voce
1071 3569 1402 3645 constringo
1442 3564 1730 3622 Martialis
1773 3570 1845 3629 11
1879 3566 1993 3627 57·
2038 3568 2517 3645 constringatque

363 3662 495 3710 tuos
514 3670 789 3729 purpura
816 3660 971 3707 texta
993 3661 1171 3721 toros,
1211 3649 1326 3709 hoc
1357 3659 1445 3709 est
1477 3651 1789 3726 cooperiat.
1877 3650 2073 3707 Fooo.

529 3739 631 3799 68.
712 3736 777 3792 in
802 3735 1036 3813 publica
1062 3736 1404 3815 privataque
1437 3735 1660 3792 laetitia
1691 3733 1965 3793 velabant
2000 3733 2158 3792 fores
2197 3733 2424 3791 coronis
2455 3744 2515 3792 et

358 3831 558 3900 postes
587 3821 778 3880 sertis.
861 3822 1066 3878 Iuven.
1102 3826 1174 3885 6.
1217 3832 1380 3878 necte
1421 3839 1696 3877 coronam
1725 3817 2023 3897 postibus,
2072 3827 2128 3875 et
2165 3816 2371 3875 densos
2403 3839 2516 3896 per

361 3905 576 3962 limina
618 3905 788 3964 tende
828 3903 1143 3982 corymbos.
1229 3902 1298 3963 id
1338 3906 1518 3963 ramis
1572 3905 1864 3982 protensis
1913 3903 2112 3961 fiebat.
2193 3898 2356 3961 idem
2400 3913 2514 3962 sat.

363 3987 607 4046 eadem:
656 3999 900 4048 ornatae
918 3989 1136 4067 paullo
1164 4000 1303 4047 ante
1319 3990 1518 4069 sbi-es,
1548 3989 1875 4068 pendentia
1902 3988 2124 4068 linquit
2149 3986 2283 4045 vela
2307 3988 2515 4045 domus

364 4085 420 4128 et
458 4071 658 4130 adhue
694 4073 907 4131 virides
944 4076 1011 4132 in
1051 4074 1255 4131 limine
1290 4095 1505 4133 ramos.
1597 4072 1955 4134 Claudianus
1991 4072 2066 4131 de
2095 4082 2266 4151 raptu
2293 4075 2335 4134 2
2350 4115 2368 4147 ,
2411 4071 2517 4130 ubi

364 4157 569 4235 plura.
610 4176 762 4234 pars
789 4158 1007 4217 aulaea
1047 4170 1263 4230 tenent,
1303 4159 1417 4217 alii
1438 4171 1777 4238 praetexere
1812 4158 1999 4215 ramis
2036 4157 2267 4215 limina.
2358 4166 2416 4214 et
2446 4157 2512 4213 in

366 4242 555 4319 epigr.
596 4240 671 4299 de
707 4253 1010 4319 magnete.
1050 4243 1219 4323 festa
1254 4243 1609 4323 frondentia
1655 4252 1842 4322 myrto
1893 4241 2107 4301 limina
2167 4244 2506 4319 cinguntur.

362 4326 642 4383 Dante-r.
725 4345 900 4383 sacra
935 4331 1164 4386 moenia
1204 4339 1342 4389 sunt
1380 4327 1554 4388 aedes
1596 4347 1828 4403 sacrae,
1890 4330 2133 4408 templa.
2217 4323 2324 4383 sed
2357 4343 2510 4405 quo-

363 4406 546 4469 modo
571 4408 777 4469 tectis?
814 4411 949 4490 lege
978 4417 1267 4472 coronatis
1290 4416 1484 4487 tes-tib,
1521 4412 1638 4474 hoc
1669 4422 1759 4473 est
1785 4412 2080 4474 textilibus
2115 4410 2357 4470 coronis.
2447 4417 2508 4468 et
