3210 5200
647 427 693 472 n
998 403 1517 471 IMMANUELIS
1568 404 1958 471 BEKKERI
2002 404 2487 472 PRAEFATIO.

643 572 934 656 servavi,
978 571 1389 643 Iohannidos
1433 571 1677 642 abieci:
1729 592 1897 658 quos
1940 593 2033 639 ne
2067 573 2210 661 quis
2255 574 2429 642 forte
2476 574 2829 662 desideret,

642 692 889 760 initium
923 672 1095 760 infra
1126 697 1347 786 posui.

974 830 1236 887 Pellitur
1262 832 1502 884 betereo.
1591 821 1889 882 secundus
1917 826 2069 883 liber
2098 829 2336 906 incipit,
2386 832 2451 887 in
2482 798 2600 910 duo
2628 839 2831 887 auctor

813 935 1113 991 continuat
1149 948 1181 983 a
1220 923 1627 1003 praecedente.
1714 945 1860 983 nam
1898 948 2075 1005 supra
2116 942 2350 988 narrato
2382 930 2560 989 modo
2587 934 2827 988 Mauro-

812 1053 944 1091 rum
1000 1027 1263 1086 bellandi
1319 1048 1427 1107 per
1467 1022 1797 1085 Iohannem
1843 1033 1998 1103 suis,
2055 1041 2114 1086 et
2153 1030 2422 1089 descensi
2468 1031 2546 1088 ad
2586 1044 2824 1091 terram.

810 1134 1003 1190 Mauri
1033 1134 1138 1209 qui
1173 1142 1341 1189 eram
1376 1151 1485 1209 per
1516 1131 1851 1206 provincias
1872 1180 1885 1205 ‚
1936 1130 2275 1189 infestando
2305 1134 2501 1210 ipsam
2529 1143 2588 1190 et
2621 1138 2828 1192 civita—

807 1246 927 1307 teS,
986 1236 1305 1292 sentientes
1355 1243 1414 1289 et
1454 1229 1724 1289 videntes
1772 1235 2100 1290 exercitum
2141 1236 2544 1292 Romanorum
2565 1279 2579 1307 ,
2637 1245 2826 1291 retra-

806 1336 959 1394 hunt
1006 1356 1070 1392 se
1116 1334 1194 1393 ad
1237 1344 1468 1392 montes
1519 1345 1577 1391 et
1618 1333 1695 1391 ad
1734 1336 2054 1393 fortilitios.
2143 1347 2202 1394 et
2248 1338 2390 1394 facit
2429 1345 2635 1392 auctor
2678 1334 2825 1395 duas

809 1442 1306 1520 comparati011e5‚
1350 1456 1539 1514 usque
1574 1437 1692 1525 ibi-t
1740 1441 1875 1516 quis
1900 1437 2067 1496 mihi.

963 1538 1235 1598 Sectmdo
1271 1540 1508 1593 invocat
1552 1541 1981 1614 lastinianum,
2029 1538 2190 1619 quod
2227 1541 2426 1618 ipsmn
2472 1538 2712 1599 adiuvet
2748 1539 2825 1598 ad

764 1714 769 1717 .
807 1638 1257 1722 exprimendam
1283 1637 1728 1696 multitudinem
1761 1644 2030 1717 gentimn
2058 1644 2398 1699 Maurorum
2417 1687 2433 1717 ‚
2484 1663 2673 1724 usque
2702 1645 2822 1701 ibi:

794 1747 1034 1822 primus
1070 1744 1183 1797 init
1222 1738 1464 1798 bellum.

964 1844 1169 1902 Tertio
1199 1853 1399 1899 narrat
1430 1844 1687 1922 qualiter
1724 1845 1966 1902 Antalas
1997 1843 2270 1920 princeps
2301 1843 2672 1916 Maurorum,
2719 1847 2825 1924 qui

803 1949 927 2005 iam
969 1947 1165 2003 fuerat
1209 1965 1347 2002 cum
1392 1947 1674 2003 Romanis
1697 1990 1711 2018 ,
1758 1948 1868 2001 init
1897 1946 2150 2003 bellum.
2197 1923 2218 1941 ’
2239 1954 2298 2001 et
2337 1941 2480 2001 dicit
2519 1947 2821 2024 quomodo

802 2053 931 2130 ipse
959 2058 1243 2105 convocat
1270 2050 1520 2123 amicos,
1568 2059 1627 2106 et
1657 2046 1952 2105 distribuit
1981 2048 2235 2127 populos
2253 2090 2269 2121 ‚
2315 2048 2420 2127 qui
2443 2061 2733 2107 venerunt
2757 2052 2822 2107 in

804 2155 927 2209 eius
959 2151 1282 2223 auxilium,
1333 2170 1520 2229 usque
1548 2153 1668 2207 ibi:
1713 2153 1840 2207 iam
1849 2150 2058 2228 Jbrtis.

958 2255 1173 2324 Quarto
1207 2250 1347 2308 dicit
1378 2252 1676 2333 quomodo
1702 2255 1992 2331 incipiunt
2018 2261 2218 2329 aptare
2246 2270 2311 2307 se
2344 2248 2422 2307 ad
2451 2251 2817 2328 bellandum,

796 2366 853 2412 et
891 2352 1035 2412 dant
1065 2353 1366 2427 ordinem,
1410 2376 1599 2435 usque
1629 2356 1746 2413 ibi:
1793 2354 2133 2432 auxilioque
2157 2362 2356 2409 ⁸vocat.

960 2460 1173 2530 Quinto
1206 2455 1346 2514 dicit
1375 2455 1535 2537 quod
1560 2456 1784 2515 Frexes
1803 2504 1817 2531 ,
1864 2459 1968 2537 qui
1997 2466 2134 2514 sunt
2162 2465 2369 2532 gentes
2396 2446 2559 2513 leit-s
2585 2457 2817 2532 armati,

792 2562 1116 2640 inpriunt,
1168 2570 1224 2617 et
1261 2579 1361 2618 eos
1398 2572 1728 2641 sequuntur
1758 2561 1894 2636 alii,
1941 2568 2006 2616 ut
2046 2568 2210 2636 patet
2248 2560 2316 2614 in
2357 2558 2583 2631 littera,
2630 2576 2820 2639 usque

796 2664 914 2746 ibi:
961 2665 1124 2721 hunc
1155 2684 1375 2740 aggere
1405 2663 1579 2721 celso·

954 2766 1139 2823 Sexto
1186 2762 1326 2820 dicit
1375 2763 1537 2842 quod
1574 2764 1833 2820 Romani
1880 2764 2201 2820 existentes
2252 2762 2315 2818 in
2361 2779 2570 2839 campo
2613 2781 2820 2822 eorum

796 2867 1092 2926 fortificati
1156 2865 1547 2943 respiciebant
1600 2860 2047 2918 multitudinem
2103 2864 2484 2936 Maurorum3
2558 2875 2617 2921 et
2675 2865 2818 2921 facit

797 2969 1298 3048 comparationem
1353 2964 1427 3023 de
1487 2966 1731 3022 locustis
1790 2961 1868 3019 ad
1926 2983 2062 3038 eor„
2138 2984 2326 3044 usque
2393 2966 2515 3023 ibi:
2579 2968 2819 3046 iamque

838 3070 1020 3129 edem.

782 3093 833 3149 P
954 3173 1221 3250 Septimo
1272 3169 1563 3248 incipiunt
1610 3167 2031 3225 searamociare
2048 3213 2063 3243 ‚
2133 3179 2193 3227 et
2231 3180 2532 3249 ponuntur
2572 3172 2816 3229 nomina

794 3271 1016 3330 ducum
1032 3318 1049 3346 ‚
1123 3274 1347 3331 faciens
1406 3268 1712 3352 quandam
1765 3272 2278 3348 ¹eomparationem
2336 3270 2413 3330 de
2463 3282 2816 3352 tempestate

790 3385 1137 3448 ventorum,
1181 3395 1371 3455 usque
1401 3374 1518 3431 ibi:
1564 3369 1840 3429 dentibus
1868 3371 2199 3450 hfienuult.

827 3496 1151 3566 Eiusdem
1188 3497 1386 3589 pretii
1422 3495 1739 3563 lemmata
1782 3503 1931 3562 sunt
1975 3519 2015 3564 e
2056 3496 2357 3589 margine
2386 3495 2696 3568 codicum
2725 3496 2813 3565 ab

623 3618 989 3687 editoribus
1023 3618 1257 3687 sedulo
1280 3618 1527 3699 relata3
1580 3637 1756 3703 quae
1779 3615 2028 3706 etipsa
2053 3616 2331 3686 resecui.

828 3737 1042 3807 Scrib.
1069 3738 1364 3808 Berolini
1389 3736 1493 3807 ld.
1514 3734 1676 3805 Oet.
1695 3757 1769 3802 n.
1800 3729 2023 3806 1835.
