3210 5200
647 404 737 451 nx
1560 384 1919 453 FOGGINI

649 572 774 613 non
793 550 995 633 aequis
1019 571 1256 630 semper
1276 551 1518 630 pennis,
1554 552 1845 611 aemulari
1871 550 2089 611 studet.
2171 562 2474 633 praestant
2499 551 2655 612 hano
2679 553 2831 612 mihi

657 672 967 715 censuram
1012 655 1137 711 eius
1185 655 1479 728 carmina,
1524 673 1679 734 quae
1703 675 1850 734 prae
1877 655 2154 712 manibus
2185 666 2321 712 sunt
2340 701 2356 730 ,
2402 666 2462 713 et
2485 676 2638 736 quae
2665 659 2832 715 senio

651 756 777 814 iam
807 756 998 813 fessus
1016 798 1032 828 ,
1080 764 1147 812 ut
1192 757 1322 834 ipse
1366 757 1629 835 loquitur
1645 802 1663 832 ‚
1708 759 1962 836 scripsit.
2046 767 2248 814 utrum
2285 756 2549 816 fervidus
2591 760 2830 819 iuventa

654 853 885 936 aliquid
937 857 1192 935 amplius
1243 860 1501 936 potuerit
1517 899 1534 930 ,
1591 868 1736 916 tunc
1784 868 2050 917 constare
2093 860 2338 937 poterit,
2398 861 2450 918 si
2492 859 2729 939 quando
2767 862 2830 917 iu

652 961 922 1037 apricum
945 968 1107 1016 aetas
1133 958 1392 1036 proferat
1414 962 1791 1036 poemation,
1836 979 1956 1039 quo
1978 956 2247 1037 Libycas
2270 972 2479 1038 gentes
2506 972 2566 1018 et
2599 963 2834 1039 Syrtica

652 1059 814 1119 bella
841 1062 1189 1140 complexus
1215 1061 1340 1122 iam
1365 1060 1586 1138 fuerat,
1633 1071 1693 1120 et
1723 1063 1888 1121 cuius
1915 1063 2044 1151 ipse
2073 1063 2349 1121 meminit
2373 1064 2439 1121 in
2466 1062 2832 1140 praefatione

647 1160 729 1221 ad
757 1165 1072 1223 Iustinum.

812 1331 1049 1399 Iamdiu
1092 1330 1272 1399 huius
1315 1331 1497 1390 etlam
1545 1334 1831 1413 poematii
1869 1331 2194 1397 editionem
2229 1333 2297 1400 in
2332 1332 2485 1397 votis
2517 1330 2699 1390 habet
2735 1353 2831 1393 res

641 1411 1233 1514 publicaditteraria,
1275 1454 1473 1517 neque
1510 1437 1777 1515 elapsam
1809 1438 1934 1495 eius
1967 1457 2136 1514 spem
2170 1432 2323 1496 mihi
2355 1454 2613 1514 auguror
2645 1455 2726 1499 ex
2757 1456 2828 1497 eo

639 1533 803 1617 quod
841 1534 993 1602 mihi
1038 1547 1195 1598 certo
1238 1545 1465 1593 constat
1504 1538 1569 1593 in
1612 1539 1885 1617 pluribus
1930 1538 2076 1596 olim
2123 1536 2420 1595 codicibus
2468 1536 2827 1615 descriptum

639 1636 848 1700 fuisse.
932 1634 1062 1701 Ich.
1095 1639 1488 1715 Cuspinianus
1526 1640 1591 1695 in
1635 1659 1744 1699 suo
1780 1640 1854 1701 de
1896 1640 2250 1706 Caesaribus
2276 1650 2331 1697 et
2364 1636 2826 1717 Imperator-ibus

639 1737 824 1813 libro,
871 1757 1052 1815 agens
1091 1735 1166 1796 de
1207 1742 1353 1818 imp.
1384 1741 1708 1806 Iustiniano
1742 1743 1862 1815 M.,
1923 1753 2223 1820 repertum
2268 1761 2304 1797 a
2347 1761 2412 1798 se
2456 1763 2584 1800 esse
2627 1751 2825 1798 narrat

636 1836 845 1901 Budae
871 1840 936 1896 in
967 1839 1327 1908 bibliotheca
1352 1843 1539 1920 RegIa
1569 1838 1685 1902 hoc
1711 1844 2053 1923 poemation
2083 1852 2213 1907 octo
2253 1843 2421 1900 libris
2460 1840 2825 1917 distinctum,

637 1940 1107 2022 inscriptumque
1138 1943 1235 2000 R.
1269 1944 1564 2001 Oresa-onii
1593 1943 1837 2020 Corippi
1860 1945 2105 2002 nomine
2139 1953 2198 2000 et
2223 1943 2397 2000 titulo
2430 1942 2825 2012 Iohannidos‚

643 2044 811 2103 cuius
855 2056 1274 2122 argumentum
1316 2054 1440 2102 erat
1483 2045 1710 2104 bellum
1742 2046 2066 2125 Libycum,
2113 2041 2274 2126 quod
2310 2041 2603 2102 Iohannes
2625 2044 2824 2103 Patri-

643 2146 770 2204 cius
828 2157 1028 2212 contra
1083 2148 1261 2212 Afros
1315 2148 1519 2229 gessit.
1624 2158 1930 2235 praeterea
1994 2145 2105 2215 hos
2161 2151 2365 2214 recitat
2417 2148 2543 2204 eius
2595 2146 2823 2234 primos

640 2265 879 2318 versus:

892 2370 1099 2448 signa,
1141 2369 1346 2441 duces,
1379 2381 1699 2450 gentesque
1715 2369 1895 2449 seras
1928 2371 2271 2449 Martisqm
2304 2370 2541 2439 ruina-5,

893 2471 1174 2543 ἰηείᾱίαε,
1218 2484 1562 2553 ath-agesque
1587 2476 1788 2536 vinam
1816 2473 2108 2552 dictosque
2134 2471 2390 2542 labores,

888 2584 947 2632 et
973 2574 1208 2654 Libyae
1228 2576 1456 2648 clades,
1497 2588 1552 2635 et
1553 2577 1794 2656 fractos
1816 2574 2046 2639 viribus
2074 2572 2291 2642 hostes,

886 2678 1541 2758 itulc'ctamquefizmem
1562 2678 1806 2758 populis
1835 2678 2155 2755 laticesque
2177 2684 2451 2753 negatos,

889 2789 1143 2859 utraque
1166 2782 1386 2858 letiferi
1408 2779 1714 2839 turbantes
1736 2792 1935 2838 castra
1960 2778 2272 2838 tumultus.

627 2893 773 2954 hinc
810 2896 993 2976 igitur
1032 2901 1330 2959 exstitisse
1371 2899 1519 2957 olim
1554 2897 1765 2956 Eudae
1806 2896 1988 2956 huius
2027 2897 2312 2978 poematii
2343 2891 2610 2954 codicem
2635 2892 2813 2954 inno-

626 2999 834 3074 tescit3
882 3009 943 3058 et
983 3012 1288 3078 praeterea
1326 3021 1406 3060 ex
1447 3021 1516 3060 eo
1547 2998 1750 3059 codice
1776 3001 2166 3078 intelligimus
2195 3000 2517 3078 Corippnm
2544 3006 2815 3055 nostrum

626 3100 813 3160 fuisse
842 3100 1068 3161 dictum
1091 3105 1182 3161 ΕΙ.
1213 3105 1596 3163 Cresconium
1624 3105 1979 3182 Corippum,
2007 3123 2104 3174 ,ex
2132 3121 2249 3183 quo
2284 3099 2352 3158 fit
2377 3110 2446 3157 ut
2480 3097 2630 3158 duos
2662 3099 2810 3156 alios

626 3202 693 3261 in
718 3202 988 3265 medium
1021 3204 1312 3266 adducere
1349 3209 1588 3265 valeam
1627 3203 1702 3263 de
1740 3204 1953 3263 eodem
1980 3205 2220 3283 corippi
2251 3205 2551 3283 poematio
2580 3211 2810 3261 veteres

625 3316 829 3367 testes.
931 3311 1159 3388 primus
1202 3320 1293 3368 est
1328 3314 1541 3369 Petrus
1574 3311 1873 3371 Diaconus
1916 3309 1982 3365 in
2023 3309 2301 3367 Actuario
2351 3303 2433 3369 ad
2475 3302 2807 3363 chronicon

628 3410 952 3469 casinense
978 3414 1199 3471 Leonis
1221 3415 1568 3489 Marsioani,
1608 3412 1713 3470 ubi
1737 3414 1892 3469 inter
1911 3411 2094 3469 libros
2113 3453 2130 3484 ‚
2174 3427 2323 3490 quos
2348 3405 2603 3466 describi
2631 3423 2803 3462 cura-

634 3512 724 3570 vit
762 3513 945 3572 abbas
981 3515 1325 3576 Desiderius
1364 3514 1443 3574 ad
1466 3518 1800 3575 Romanam
1825 3509 2170 3572 cathednam
2195 3521 2399 3590 postea
2429 3517 2667 3568 evectus
2692 3505 2803 3564 sub

631 3615 883 3675 Victoris
903 3622 944 3681 2
966 3622 1230 3695 nomine,
1279 3620 1663 3679 cresconium
1682 3627 1973 3676 memorat
2000 3616 2075 3675 de
2096 3615 2266 3674 bellis
2286 3612 2554 3692 Libycis.
2641 3608 2806 3670 hunc

631 3715 898 3777 oodioem
924 3722 989 3779 in
1010 3718 1370 3780 bibliotheca
1392 3723 1736 3781 monasterii
1757 3721 1978 3780 Montis
1998 3718 2199 3777 Casini
2224 3715 2422 3775 adhuc
2442 3714 2805 3793 superfuisse

627 3838 685 3879 a.
717 3803 880 3887 1532
906 3827 1045 3882 novi
1072 3844 1153 3883 ex
1174 3845 1271 3884 ms
1296 3822 1428 3884 cod.
1460 3826 1648 3885 Vatic.
1676 3827 1834 3889 8961
1856 3866 1874 3899 ‚
1919 3822 2022 3902 qui
2053 3819 2322 3878 Iudicem
2346 3820 2606 3877 continet
2633 3815 2802 3872 Casi-

624 3926 904 3983 nensium
942 3946 1070 3986 mss
1109 3927 1429 3986 Clementis
1459 3930 1502 3990 7
1542 3926 1711 3985 iussu
1755 3925 2120 3985 confectum:
2177 3924 2265 3980 sic
2307 3923 2470 3980 enim
2504 3921 2574 3979 in
2612 3920 2802 3977 classe

619 4025 910 4087 librorum
953 4030 1503 4090 Grammatioalium
1544 4029 1799 4107 legitur:
1843 4027 1995 4085 liber
2033 4025 2332 4087 &esconii
2365 4024 2551 4101 ὁιοίρ.
2594 4023 2800 4080 Victo-

619 4133 721 4189 ris.
808 4137 923 4191 'nec
971 4135 1187 4192 mirere
1236 4130 1353 4190 hoc
1394 4132 1634 4189 initium
1672 4128 1836 4190 haud
1881 4132 2034 4188 bene
2082 4127 2397 4186 convenire
2439 4145 2578 4183 cum
2625 4125 2798 4181 initio

618 4237 901 4312 poematii
927 4237 1002 4295 de
1027 4235 1200 4294 bellis
1211 4233 1482 4312 Libycis,
1516 4230 1680 4312 quod
1707 4232 1886 4289 refert
1912 4232 2344 4310 cuspinianusz
2386 4224 2614 4286 laudati
2636 4226 2798 4283 enim

616 4336 836 4403 Indicis
879 4349 1084 4398 auctor
1122 4356 1236 4396 nec
1276 4338 1422 4396 satis
1463 4335 1690 4416 peritus
1728 4353 1841 4393 nec
1867 4335 2011 4395 satis
2039 4333 2297 4414 diligens
2326 4332 2552 4415 passim
2581 4328 2796 4409 depre-
