3210 5200
639 393 784 470 304
1057 387 1338 456 NOTAE
1381 384 1474 451 m
1522 378 1905 449 DEDICAT.
1953 376 2401 445 LIBRORUM

638 555 953 623 Claudiani
980 552 1414 634 panegyricum
1452 547 1526 605 de
1562 544 1873 605 consulatu
1910 541 2221 616 leeodori3
2262 543 2444 621 q'uem
2469 535 2802 597 communi-

643 650 796 706 cavit
820 642 969 702 mihi
997 637 1232 719 pridem
1264 633 1339 693 de
1367 633 1579 691 litteris
1614 632 1838 709 optIme
1872 631 2121 686 meritus
2148 629 2226 684 1).
2260 626 2507 684 lacobus
2535 626 2804 699 Bongar-

645 735 767 790 sius
799 727 879 786 ad
906 724 1257 783 Germaniae
1286 721 1583 798 principes
1609 717 1862 793 lagatus.
1926 714 2070 772 vicit
2091 721 2291 769 tamen
2312 728 2454 768 usus
2487 705 2647 787 apud
2673 725 2806 762 me·-

649 817 812 874 lioris
849 820 1027 870 notae
1068 816 1332 866 auctores
1357 812 1426 861 ut
1443 802 1845 881 panegyricus
1877 796 2191 856 diceretur.
2274 790 2633 853 Claudianus
2646 834 2663 864 ‚
2706 790 2807 848 Si·-

651 900 864 957 donius
899 893 1258 974 Apollinaris
1278 933 1295 964 ,
1336 889 1566 946 Plinius
1583 929 1599 960 ,
1643 880 1952 942 Ennodius
1991 881 2328 939 Ticinensis
2345 923 2363 954 ,
2405 877 2807 936 Mamertinus.

653 983 876 1043 Auson.
894 998 1073 1037 carm.
1095 982 1126 1040 1
1144 983 1177 1034 :⁴
1204 976 1329 1033 eive
1344 971 1748 1051 panegyricus
1762 968 2010 1045 placeat
2030 964 2369 1024 contmdere
2393 961 2595 1019 libros.
2652 959 2809 1017 Tul-

654 1071 770 1126 lius
811 1075 945 1123 ante
986 1061 1097 1121 hos
1132 1059 1207 1118 de
1252 1059 1394 1117 clar.
1424 1067 1675 1115 oraton:
1719 1052 1868 1111 talea
1905 1052 2207 1110 suasiones
2242 1047 2479 1128 qualem
2527 1047 2812 1105 Isocrates

643 1153 799 1232 ficit
840 1148 1290 1227 panegyricum.
1379 1141 1683 1199 translatio
1742 1157 1776 1194 a
1838 1145 2128 1195 conventu
2170 1152 2508 1212 pompaque
2556 1130 2817 1210 publica.

660 1233 967 1295 Heliodor.
991 1238 1066 1296 7:
1109 1231 1298 1293 ἵππον
1338 1247 1403 1289 τε
1440 1218 1897 1307 Ἀρμένιοίτὸν
1932 1220 2018 1295 εἷς
2048 1214 2290 1298 nonusis
2314 1216 2420 1279 καὶ
2448 1206 2820 1295 πανηγύρεις

602 1361 610 1372 ·
657 1324 748 1405 τῷ
784 1311 1055 1402 σατράπῃ
1096 1307 1541 1394 φατνιζόμενον.
1626 1306 1701 1366 de
1743 1302 2061 1387 epigraphe
2101 1321 2241 1381 ergo
2273 1302 2511 1359 nullum
2545 1297 2820 1357 dubium.

659 1408 939 1465 θυαε-ι’.

828 1487 903 1547 Id
944 1504 1211 1558 carmen,
1253 1492 1318 1541 ut
1354 1481 1563 1541 volunt
1577 1522 1595 1552 ,
1646 1474 2102 1555 panegyricum,
2144 1493 2207 1530 re
2236 1491 2377 1531 vera
2408 1479 2497 1529 est
2523 1465 2823 1526 dedicatio

668 1573 1044 1654 sequentium
1084 1572 1372 1629 librorum
1412 1566 1486 1623 de
1527 1562 1811 1620 laudibus
1840 1560 2078 1618 lusani.
2156 1557 2586 1634 panegyricum
2609 1562 2827 1609 neutro

665 1677 883 1738 genere
924 1656 1165 1714 inscribi
1205 1656 1271 1712 in
1310 1649 1671 1709 membranis
1702 1665 1822 1704 non
1856 1655 1946 1703 est
1975 1640 2298 1701 absurdum
2315 1684 2333 1715 ‚
2376 1637 2538 1719 quod
2566 1640 2658 1697 vir
2689 1655 2829 1694 eru·-

667 1744 825 1801 ditus
865 1742 1244 1817 Dempsterus
1284 1734 1474 1792 videri
1511 1732 1734 1790 voluit:
1796 1729 2084 1787 adiective
2123 1728 2285 1783 enim
2326 1720 2679 1804 capiendum
2695 1765 2713 1796 ‚
2770 1729 2830 1777 et

667 1821 1123 1902 intelligendum
1146 1839 1386 1877 carmen
1410 1815 1510 1875 vel
1534 1816 1656 1873 tale
1684 1811 1847 1893 quid.
1911 1814 1999 1870 sic
2023 1811 2135 1870 sub
2159 1811 2402 1869 nomine
2427 1808 2580 1866 falso
2606 1805 2831 1864 Lucani

669 1910 1007 1969 inscribitur
1030 1905 1465 1982 Panegyricum
1486 1899 1564 1958 ad
1583 1901 1885 1957 Pisonem.
1969 1914 2112 1954 sane
2141 1892 2432 1952 adiective
2459 1894 2682 1972 cepisse
2705 1890 2832 1968 pri-

667 2013 799 2054 scos
842 1993 1012 2051 testis
1048 1989 1315 2068 locuples
1339 1986 1636 2045 Ausonius
1662 1981 1993 2043 Parental.:
2034 1981 2157 2039 sive
2175 1980 2575 2059 panegyricos
2588 1975 2831 2055 placeat

670 2077 1014 2137 contendere
1042 2074 1243 2133 libros.
1327 2075 1578 2131 ‘Burm-
2762 2072 2769 2079 ·

836 2159 961 2220 Sed
999 2161 1132 2240 quis
1170 2157 1270 2216 hic
1303 2153 1721 2214 Anastasius?
1758 2153 1910 2211 forte
1947 2152 2052 2210 ille
2094 2150 2199 2231 qui
2223 2168 2444 2229 magno
2473 2144 2629 2227 apud
2648 2144 2829 2204 Iusti-

675 2248 932 2306 nianum'
949 2264 1062 2303 nec
1090 2242 1309 2301 minori
1330 2239 1491 2321 apud
1515 2241 1808 2298 Iustinum
1836 2235 2060 2296 honore
2077 2279 2094 2310 ,
2140 2236 2213 2293 ab
2255 2235 2467 2310 eodem
2508 2243 2704 2291 tamen
2729 2248 2831 2286 se-

672 2333 861 2411 ptimo
889 2330 1239 2408 suiimperii
1271 2345 1426 2385 anno
1454 2326 1518 2382 in
1548 2324 1830 2381 exsilium
1859 2331 2024 2380 actus
2047 2320 2299 2378 extorris
2324 2320 2537 2396 viginti
2561 2324 2836 2397 quattuor

676 2417 847 2493 annis
894 2416 1038 2493 egit.
1122 2431 1331 2471 causae
1369 2410 1746 2487 relegationis
1762 2451 1779 2481 ,
1822 2407 1987 2486 quod
2020 2425 2227 2463 sacrae
2254 2405 2344 2460 rei
2371 2404 2672 2461 thesauros
2687 2402 2838 2477 'pro-

657 2500 902 2579 fuderit
937 2497 1246 2568 inutiliter,
1288 2506 1345 2553 et
1367 2494 1596 2573 petenti
1621 2493 1849 2551 Iustino
1862 2492 2187 2569 pecuniam
2216 2490 2360 2547 dare
2386 2487 2664 2557 noluerit,
2701 2502 2842 2542 cum

678 2586 1023 2665 desigmtus
1052 2593 1195 2641 esset
1222 2582 1545 2659 episcopus.
1619 2579 1836 2656 Evagr.
1865 2575 1905 2641 5
1948 2579 2009 2640 6.
2078 2572 2235 2632 nihil
2261 2583 2474 2633 statuo.
2559 2573 2842 2631 Dtnrsr.

844 2671 1057 2728 Oculos
1099 2670 1275 2725 iniice
1316 2669 1381 2745 iu
1419 2675 1623 2723 notam
1668 2670 1719 2721 a‘
1750 2664 1960 2720 Rui'zio
2001 2679 2082 2718 ex
2119 2679 2214 2718 ms
2250 2658 2607 2737 descriptam
2652 2666 2712 2715 et
2762 2651 2844 2712 ad

677 2756 1009 2833 marginem
1037 2754 1399 2831 appositam,
1442 2749 1688 2807 elocutio
1715 2743 1746 2776 *¹
1770 2748 2022 2825 trepieis.
2110 2754 2353 2824 parcant
2375 2740 2527 2800 mihi
2552 2745 2681 2800 eius
2707 2758 2845 2797 ma-

679 2856 825 2899 nes:
868 2840 1008 2897 satis
1050 2835 1191 2895 hinc
1233 2841 1397 2915 patet
1440 2835 1648 2914 quanti
1684 2833 1909 2891 valeret
1948 2833 2014 2888 in
2048 2827 2320 2908 legendis
2361 2823 2844 2905 corrigendisque

557 2995 564 3000 ι
683 2921 981 2982 codicibus
1020 2941 1167 2981 mss.
1248 2939 1467 2998 magno
1511 2938 1654 2977 sane
1694 2918 1917 2995 ingenii
1949 2917 2222 2974 acumine
2255 2910 2422 2972 haud
2443 2931 2593 2991 opus
2623 2921 2748 2969 erat
2777 2918 2846 2966 ut

681 3008 906 3085 legeret
932 3007 1197 3084 tropicis,
1237 3006 1537 3084 suppleret
1569 3000 1850 3061 versibus.
1937 3001 2140 3080 itaque
2165 3009 2336 3059 vetus
2362 2994 2708 3056 scholiastes
2731 2991 2848 3052 ad·-

682 3101 988 3151 notaverat
1025 3089 1140 3149 hoc
1166 3100 1417 3148 'carmen
1457 3106 1538 3145 ex
1568 3087 1837 3145 versibus
1875 3087 2140 3164 &opici-s,
2186 3081 2304 3142 hoc
2345 3093 2438 3141 est
2461 3080 2848 3163 signa-ativio,

684 3186 950 3236 constare
964 3220 981 3251 ‚
1023 3185 1085 3235 et
1129 3173 1373 3257 quidem
1410 3173 1677 3252 apposite
1694 3214 1713 3247 ,
1756 3173 1897 3253 quia
1938 3172 2004 3228 in
2040 3189 2110 3228 eo
2141 3170 2464 3247 imperator
2486 3169 2744 3225 Iustinus
2785 3174 2848 3222 et

682 3262 1028 3320 Anastasius
1054 3271 1330 3341 quaestor
1351 3256 1843 3317 'commendantur
1862 3257 1973 3315 sub
1987 3256 2116 3314 ima
2159 3254 2176 3271 ⁶
2221 3254 2355 3313 ibus
2379 3253 2487 3312 ille
2507 3253 2710 3327 fontis,
2747 3247 2851 3307 hic

685 3345 932 3403 arboris.
1012 3364 1208 3426 neque
1251 3344 1513 3403 insolens
1559 3351 1651 3401 est
1683 3361 1805 3401 vox
1830 3342 2072 3420 vopz'cie
2102 3334 2221 3403 απὸ
2241 3339 2353 3402 τοῦ
2375 3330 2620 3418 τρόπον.
2704 3329 2851 3392 audi

684 3429 948 3489 Gellium
990 3430 1067 3494 13
1108 3433 1223 3494 23:
1299 3440 1386 3488 est
1406 3440 1625 3488 tamen
1662 3446 2080 3507 nonnusquam
2117 3425 2380 3483 invenire
2418 3424 2507 3480 ita
2545 3417 2854 3498 scripsisse

685 3514 975 3594 quosdam
1022 3535 1144 3572 non
1192 3513 1483 3593 ignobiles
1505 3515 1860 3591 scriptores,
1922 3523 1992 3569 ut
2027 3521 2137 3568 aut
2177 3520 2383 3567 temo-e
2421 3517 2532 3565 aut
2560 3506 2851 3563 incumbere

676 3599 972 3677 praedam
1002 3619 1121 3678 pro
1165 3598 1466 3657 munbiis
1501 3608 1559 3654 et
1592 3596 1910 3656 mnnbias
1935 3616 2053 3673 pro
2079 3595 2317 3672 praeda
2346 3593 2709 3669 posuerint.
2739 3597 2850 3645 aut

688 3686 914 3761 tropica
949 3683 1213 3764 quadam
1237 3683 1456 3762 figura
1490 3685 1875 3740 mutationem
1902 3679 2474 3758 vocabulij'eenz'nt.
2563 3676 2627 3734 S.
2654 3670 2851 3732 Atha-

687 3771 890 3828 nasius
916 3769 980 3825 in
1009 3789 1103 3847 ep.
1135 3766 1213 3825 ad
1240 3768 1627 3848 Serapionem
1652 3769 1901 3846 impie-os
1929 3765 2191 3844 appellat
2219 3767 2325 3845 qui
2350 3758 2695 3840 blaspheme
2722 3756 2852 3837 spi·-

690 3855 869 3910 ritum
895 3864 1164 3911 sanctum
1191 3854 1347 3910 inter
1367 3871 1462 3911 res
1490 3862 1713 3912 creatas
1736 3850 2145 3924 numerabant,
2185 3852 2326 3930 quia
2348 3849 2631 3906 nimirum
2653 3844 2856 3902 varios

693 3948 889 4015 tropos
923 3940 991 3996 in
1013 3940 1227 4015 pravis
1265 3939 1391 3995 suis
1426 3935 1999 4015 interpretationibus
2024 3954 2087 3993 se
2112 3937 2441 4013 excogitan·
2460 3931 2746 3998 dicet-ent,
2784 3935 2856 3984 ut

683 4023 957 4101 *loquitur
996 4025 1209 4082 veteris
1248 4019 1598 4081 scholiastae
1637 4032 1778 4080 nota
1809 4018 1971 4101 apud
2000 4037 2256 4099 nuperos
2286 4036 2535 4098 opennn
2564 4016 2629 4074 S.
2658 4009 2857 4072 Atha-

690 4109 845 4165 nasii
877 4105 1129 4166 editores
1159 4117 1205 4164 t.
1237 4109 1270 4169 1
1301 4127 1427 4186 par.
1459 4111 1500 4172 2
1530 4125 1592 4184 p.
1623 4105 1767 4170 659.
1851 4104 1993 4164 hinc
2034 4099 2592 4164 Pneumatomachis
2640 4097 2856 4174 Uopi-

693 4212 897 4250 corum
939 4211 1157 4249 nomen
1199 4193 1476 4251 tribuitur
1513 4194 1697 4248 etiam
1735 4193 1801 4249 in
1829 4210 2092 4250 sermone
2115 4199 2319 4247 cona-a
2339 4206 2541 4247 onmes
2560 4183 2855 4252 haereses,

693 4296 775 4335 ex
803 4278 868 4336 S.
897 4274 1208 4335 Athanasii
1239 4279 1470 4356 scriptis
1500 4291 1717 4353 magna
1759 4296 1840 4335 ex
1874 4285 2042 4356 parte
2084 4276 2410 4353 composito
2445 4271 2521 4330 ab
2555 4283 2855 4349 anonymo

690 4362 979 4444 sequioris
1011 4362 1142 4420 aevi
1169 4361 1471 4441 scriptore.
1554 4362 1751 4421 Foco.
