3210 5200
621 388 765 463 160
800 440 805 441 ff
1549 388 1884 459 CORJPPI

784 554 892 615 sed
923 567 1242 635 postquam
1269 556 1426 613 vires
1459 558 1709 615 veniens
1735 556 2031 635 persensit
2062 556 2334 636 iniquas,
2437 563 2444 569 '

617 658 739 724 575
784 659 1001 716 infelix
1033 660 1276 715 veniam
1302 659 1600 717 submissa
1625 679 1771 716 voce
1807 659 2075 736 rogabat.

781 752 957 818 “ossa
987 781 1094 838 per
1118 763 1367 818 Evantis
1394 759 1576 837 digno
1601 760 1756 818 bene
1786 770 2023 839 compta
2053 759 2358 838 sepulcro,

786 881 939 943 quae
969 862 1151 919 talem
1182 880 1441 939 genuere
1474 852 1706 934 virum3
1751 883 1860 940 per
1887 863 2157 920 maxima
2188 863 2348 917 Petri

789 966 944 1022 facta
979 964 1179 1021 futura
1207 965 1295 1020 tui
1312 1007 1330 1036 ,
1375 964 1542 1032 cuius
1576 963 1700 1019 iam
1725 963 1887 1020 fama
1914 984 2023 1042 per
2050 961 2254 1022 hostes

787 1076 950 1124 tanta
982 1065 1143 1122 volat
1173 1074 1498 1144 gentesque
1529 1064 1689 1122 feras
1720 1074 1779 1121 et
1808 1083 1991 1142 regna
2020 1066 2268 1142 fatigat,

621 1168 744 1234 580
784 1187 1013 1248 perque
1040 1176 1179 1223 tuae
1203 1168 1437 1223 virtutis
1467 1185 1647 1245 opus,
1694 1183 1812 1246 quo
1841 1169 2032 1226 victus
2063 1169 2353 1243 Ilasguas‚

789 1267 931 1328 huic
959 1270 1195 1327 animae
1222 1266 1509 1342 concede,
1551 1287 1797 1346 precor,
1839 1280 1975 1347 post
2003 1270 2248 1326 crimina
2276 1270 2481 1337 vitam,

788 1390 1010 1450 meque
1039 1373 1157 1428 tuis
1177 1415 1194 1444 ‚
1237 1371 1455 1443 victor,
1499 1389 1669 1427 serva
1699 1380 1832 1449 post
1859 1371 2018 1429 bella
2043 1368 2398 1448 triumphis:

789 1492 932 1531 nam
958 1473 1069 1530 tali
1091 1474 1311 1530 servire
1340 1465 1575 1530 iuvat.”
1659 1490 1777 1552 qua
1809 1492 1954 1531 voce
1981 1474 2238 1532 reflexus

791 1576 1038 1633 vulnera
1066 1576 1389 1632 continuit:
1435 1575 1618 1631 velox
1640 1583 1843 1632 tamen
1867 1576 2061 1653 illigat
2087 1574 2295 1632 ambos

572 1738 579 1747 .
622 1676 747 1743 585
788 1687 922 1755 post
952 1687 1189 1754 tergum
1219 1678 1539 1753 implicitos
1569 1672 1837 1732 mordaci
1866 1676 2011 1733 fune
2042 1676 2315 1733 lacertos.

872 1780 1035 1835 Mitis
1061 1780 1125 1835 in
1151 1780 1452 1835 immitem
1475 1777 1823 1833 Recinarius
1851 1778 2022 1834 irruit
2051 1779 2271 1835 Urtanc
2287 1819 2305 1846 ,

789 1898 1018 1959 perque
1044 1881 1156 1937 viri
1184 1889 1391 1958 pectus
1420 1875 1677 1955 rigiqu
1705 1877 1864 1934 celer
1892 1880 2135 1957 impulit
2163 1875 2419 1934 hastam.

792 1984 1011 2039 comlit
1036 1990 1173 2038 ante
1196 1979 1382 2060 pedes
1401 2023 1417 2055 ,
1462 1979 1610 2037 belli
1631 1998 1770 2058 pars
1795 1998 2015 2058 magua
2042 1978 2311 2050 nefandi,

788 2085 1209 2160 magnanimus
1234 2084 1468 2141 iuvenis
1483 2125 1501 2156 ,
1544 2099 1856 2161 nunquam
1880 2081 2194 2160 placabilis
2227 2083 2447 2138 Urtanc
2467 2122 2483 2150 ,

622 2187 747 2252 590
789 2196 967 2266 atque
996 2186 1194 2243 solum
1223 2184 1352 2244 diro
1382 2181 1647 2242 foedavit
1675 2185 1988 2261 sauguine.
2072 2184 2294 2240 Meilan

788 2285 1006 2346 deinde
1034 2289 1185 2367 petit
1510 2329 1529 2360 ,
1572 2285 1774 2343 valida
1801 2305 1980 2366 quem
2008 2282 2252 2363 cuspide
2279 2284 2466 2342 victor

790 2388 991 2447 deiicit
1017 2388 1348 2468 impulsum
1367 2388 1727 2468 tepidaeque
1755 2389 1947 2465 infigit
1978 2405 2216 2443 arenae.

789 2492 1083 2550 fulmineo
1113 2502 1291 2570 caput
1317 2511 1459 2549 ense
1485 2502 1718 2549 metens
1743 2489 2052 2548 detruncat
2074 2489 2324 2546 Alantas
2341 2532 2359 2561 ‚

790 2604 850 2651 et
874 2595 1115 2671 nigrum
1142 2594 1396 2653 Sacoma
1425 2593 1563 2652 ferit
1590 2615 1697 2674 per
1722 2603 1890 2672 prata
1920 2588 2253 2651 cadentem.

622 2696 749 2764 595
789 2693 1020 2755 horruit
1053 2715 1191 2755 acer
1214 2715 1402 2778 equus
1421 2741 1437 2772 ,
1480 2698 1851 2777 mollemque
1878 2695 2118 2752 obtrivit
2149 2713 2411 2765 arenam,

786 2798 1026 2855 vincula
1048 2818 1252 2877 pressa
1278 2807 1481 2857 vetant
1498 2840 1514 2871 ,
1559 2798 1870 2877 voluitque
1895 2798 1958 2852 in
1983 2806 2151 2873 terga
2178 2795 2369 2854 redire
2389 2814 2408 2853 ζ

789 2896 900 2957 sed
924 2899 1076 2957 levis
1106 2919 1356 2957 excusso
1385 2902 1732 2958 Reciuarius
1760 2891 1880 2956 alta
1915 2899 2156 2975 flagello.

790 3000 892 3058 ilia
927 3001 1267 3057 concutiens
1297 3000 1435 3057 latis
1463 2998 1753 3079 pavidum
1776 3000 2014 3078 impulit
2043 3002 2132 3057 ire

791 3098 1176 3178 cornipedem
1201 3104 1447 3181 campis.
1533 3113 1593 3159 at
1620 3113 1942 3183 postquam
1966 3122 2179 3180 corpus
2211 3099 2555 3183 ademptum

622 3205 747 3267 600
787 3205 1019 3260 transiit
1040 3202 1333 3280 impulsus
1364 3204 1636 3284 sonipes,
1682 3215 1823 3262 tunc
1848 3207 2037 3263 Marte
2072 3205 2333 3264 secundo

787 3304 1000 3361 funera
1024 3304 1381 3363 convolvens
1412 3316 1472 3363 et
1497 3307 1633 3364 telis
1668 3307 1898 3386 Syrtica
1927 3311 2186 3367 miscens

793 3408 1034 3484 agmina
1060 3426 1169 3484 per
1190 3405 1344 3464 latos
1370 3407 1658 3488 volitabat
1683 3408 1949 3474 fervidus
1975 3429 2170 3489 agros.

791 3518 932 3566 tunc
961 3508 1217 3565 celerem
1245 3513 1563 3587 prosternit
1593 3511 1756 3569 Afun
1787 3511 2123 3593 fortemque
2153 3511 2533 3590 Nicandrum,

789 3629 1116 3690 asperaque
1140 3610 1326 3669 infixo
1358 3615 1683 3689 geminavit
1715 3615 1961 3672 vulnera
1995 3617 2205 3674 Sucro.

595 3710 747 3784 ,605
788 3711 929 3770 inde
956 3722 1131 3770 necat
1154 3711 1506 3788 Tanadum,
1556 3714 1894 3795 fortemque
1925 3721 2135 3774 sternit
2161 3721 2460 3777 Erancun.

790 3835 930 3872 ense
962 3816 1098 3872 ferit
1127 3813 1470 3890 Tinudum,
1513 3818 1756 3897 piloque
1779 3819 1973 3896 infigit
2000 3822 2283 3899 Enipten.

872 3917 1184 3975 Bulmitzis
1216 3915 1541 3974 Tumudan
1570 3930 1741 3977 conto
1770 3924 2018 3997 premit,
2063 3920 2205 3979 inde
2232 3915 2532 3979 Licurdan

765 4019 960 4118 ⁴fortis
987 4020 1110 4097 agit
1141 4021 1401 4096 campis:
1444 4019 1632 4108 telum
1659 4040 1770 4098 per
1793 4004 1957 4100 terga
1984 4022 2221 4081 rebellis

790 4142 900 4200 per
924 4122 1100 4180 fibras
1130 4124 1349 4199 pariter
1377 4119 1710 4184 discurrens
1739 4135 1974 4202 pectora
2004 4125 2182 4201 rupit.

621 4337 723 4392 ⁵96
755 4344 888 4393 metu
913 4337 1191 4406 noluntque
1216 4336 1266 4390 Τ
1430 4337 1535 4393 599
1570 4343 1630 4391 ut
1653 4337 1763 4391 m·
1914 4339 2015 4394 606
2048 4338 2286 4395 insternit
2315 4339 2393 4398 M.
