3210 5200
961 404 1280 470 ms‘rnw
1327 405 1688 473 Mmoms
1740 407 1896 476 Lm.
1947 368 2003 475 1.
2431 406 2571 480 175

383 564 506 632 825
545 575 810 625 maturas
833 585 1013 643 uvas,
1055 578 1320 629 maturas
1350 572 1547 649 signat
1580 573 1807 645 olivas3

549 672 942 749 aequiparans
974 668 1229 728 candore
1258 674 1427 731 nives
1457 672 1794 754 hiemisque
1822 675 2099 752 pruinam

548 771 835 828 albicolor
863 769 1044 829 viridi
1069 773 1264 831 socius
1299 778 1679 853 coniungitur
1704 795 1846 849 una,

549 882 609 929 et
641 872 836 929 fecere
865 868 1014 930 duas
1043 870 1240 930 studia
1265 877 1329 931 in
1356 878 1649 934 contraria
1673 888 1892 956 partes»,
1943 858 1944 865 ἵ

548 981 615 1029 ut
643 982 781 1030 sunt
803 975 1041 1031 aestivis
1065 974 1355 1033 brumalia
1384 978 1605 1056 frigora
1633 979 1912 1035 flammis.

379 1075 505 1137 330
547 1076 675 1153 ipse
706 1078 917 1152 ingens
950 1077 1134 1132 circus
1153 1120 1167 1147 ‚
1204 1078 1417 1154 plenus
1446 1100 1556 1137 ceu
1584 1080 1837 1137 circulus
1868 1077 2030 1149 anni,

551 1175 844 1234 clauditur
874 1178 935 1233 in
966 1187 1215 1234 teretem
1241 1180 1437 1257 longis
1462 1182 1822 1239 aufractibus
1855 1179 2079 1251 orbem,

550 1279 911 1356 amplectens
943 1282 1214 1356 geminas
1246 1300 1436 1360 aequo
1467 1281 1808 1340 discrimine
1832 1290 2022 1337 metas

549 1387 608 1436 et
634 1383 893 1459 spatium
917 1379 1153 1438 mediae
1171 1424 1187 1455 ,
1233 1401 1351 1461 quo
1380 1405 1443 1441 se
1473 1386 1571 1440 via
1596 1380 1840 1462 pandit,
1885 1392 2123 1438 arenae.

1032 1484 1291 1541 referam
1316 1488 1538 1562 primas
1568 1485 1839 1542 iunxisse
1876 1480 2193 1561 quadrigas

378 1581 503 1646 885
545 1591 605 1639 et
632 1602 836 1640 currus
866 1601 1136 1640 armasse
1153 1603 1371 1660 novos,
1414 1578 1815 1666 Pelopemque
1840 1582 2166 1643 secundum

541 1685 605 1741 in
638 1686 831 1743 soceri
859 1686 1093 1749 venisse
1119 1703 1360 1743 necem:
1403 1690 1798 1766 praestantior
1824 1686 1973 1742 alter

543 1788 821 1844 inventus
850 1806 1036 1864 gener
1059 1797 1165 1861 est,
1210 1788 1346 1864 plns
1376 1808 1629 1867 sponsae
1655 1791 1891 1846 iunctus
1924 1806 2145 1843 amore.

543 1883 701 1945 hunc
726 1898 995 1947 veterum
1022 1891 1200 1968 primi
1227 1890 1408 1946 ritum
1431 1910 1551 1948 nou
1583 1892 1695 1948 rite
1722 1891 2013 1963 colebant,

542 2008 671 2047 esse
698 1987 879 2047 deum
910 1991 1100 2048 solem
1125 2001 1282 2050 recta
1308 2011 1428 2050 non
1456 2004 1659 2051 mente
1685 2002 1999 2072 putantes:

376 2085 500 2154 840
541 2088 649 2148 sed
668 2091 857 2149 factor
883 2092 1027 2150 solis
1053 2102 1369 2172 postquam
1399 2094 1510 2151 sub
1539 2096 1666 2152 sole
1692 2094 1885 2153 videri

540 2213 605 2252 se
632 2193 822 2250 voluit
853 2192 1230 2273 formamque
1259 2192 1406 2253 deus
1438 2194 1513 2253 de
1545 2199 1778 2275 virgine
1809 2195 2064 2272 sumpsit

540 2293 791 2353 humani
813 2297 1081 2372 generis,
1126 2305 1266 2353 tunc
1289 2315 1538 2355 munere
1569 2300 1715 2356 solis
1745 2296 2024 2373 adempto

538 2396 905 2476 principibus
931 2394 1165 2454 delatus
1195 2394 1388 2456 honor
1415 2418 1754 2478 munusque
1781 2400 2010 2456 Latinis
2169 2402 2179 2412 “
2271 2410 2295 2423 ‘

542 2509 601 2557 et
622 2496 879 2556 iucunda
904 2518 1097 2556 novae
1127 2500 1411 2559 circensia
1445 2500 1665 2579 gandia
1695 2502 1944 2557 Romae.

372 2599 497 2667 845
622 2606 753 2661 Huc
781 2621 988 2660 omnes
1018 2603 1261 2680 populi,
1304 2607 1476 2681 pueri
1503 2606 1870 2680 iuvenesque
1906 2618 2199 2679 senesque

1351 2704 1496 2763 dant
1525 2706 1765 2783 agmina
1794 2702 2041 2780 plausus

1342 2826 1466 2864 vox
1490 2807 1767 2864 omnibus
1796 2824 1935 2878 una,

540 2926 710 2968 mens
743 2904 985 2966 eadem:
1032 2927 1254 2967 nomen
1280 2908 1518 2987 populis
1549 2909 1746 2986 placet
1773 2907 2050 2966 omnibus
2078 2927 2285 2966 unum.

538 3010 663 3068 ales
690 3019 758 3068 ut
784 3013 1087 3089 expositos
1118 3031 1255 3069 cmn
1283 3008 1552 3089 phoenix
1576 2987 1821 3068 innovat
1854 3019 2015 3067 artus

370 3111 494 3177 850
536 3132 571 3170 a
593 3113 769 3172 busto
797 3112 1060 3171 rediviva
1092 3133 1200 3173 suo
1219 3157 1235 3186 ‚
1278 3123 1598 3171 concentus
1624 3114 1689 3169 in
1715 3130 1902 3167 unum

535 3225 696 3273 stans
729 3217 931 3271 avium
960 3224 1193 3293 spectat
1215 3216 1406 3273 solem
1435 3216 1698 3294 solisque
1729 3214 2053 3286 volucrem,

536 3315 682 3373 dmn
701 3317 923 3391 veniat,
971 3334 1289 3395 regemque
1319 3336 1544 3375 novum
1574 3318 1833 3374 clamore
1859 3315 2139 3390 salutant,

534 3418 621 3475 sic
644 3415 823 3475 decus
850 3419 1120 3496 imperii,
1167 3428 1436 3476 sanctum
1468 3421 1553 3477 sic
1582 3422 1710 3476 Iota
1739 3436 2052 3493 testu-gens

536 3529 813 3576 exortum
849 3529 939 3577 est
970 3517 1043 3576 de
1072 3519 1190 3575 fine
1217 3537 1356 3591 suo,
1412 3522 1765 3597 seniumque
1795 3536 2089 3595 reponens

365 3622 488 3688 355
530 3623 793 3679 nominis
822 3630 880 3678 et
902 3622 1044 3678 recti
1067 3622 1293 3679 Iustino
1321 3622 1385 3677 in
1414 3623 1683 3700 principe
1709 3621 1857 3677 vivit

531 3720 894 3782 Iustinianus
917 3742 1074 3801 apex
1098 3742 1116 3798 ς
1160 3721 1387 3780 domini
1416 3725 1501 3780 sic
1525 3723 1743 3801 vulgus
1767 3742 1970 3780 amore

531 3823 798 3906 undique
829 3827 1187 3884 conveniens
1212 3824 1505 3882 laetarum
1530 3843 1697 3883 more
1728 3825 2036 3882 volucrtun

526 3918 634 3986 “tu
658 3930 892 4003 vincas,
935 3920 1204 3985 Iustine”
1232 3937 1483 4000 canunt,
1528 3928 1860 4004 ingensque
1887 3926 2176 3984 tumultus

530 4033 740 4089 crescit
758 4074 775 4104 ,
824 4040 885 4088 et
907 4032 1177 4108 Augusta
1200 4028 1395 4085 luctus
1425 4024 1696 4085 discessit
1723 4028 1795 4084 ab
1827 4027 1964 4084 aula

361 4132 488 4197 360
527 4134 752 4191 laetitia
777 4132 1051 4191 veniente
1075 4148 1253 4190 nova.
1338 4148 1463 4187 vox
1488 4131 1713 4186 excitat
1739 4143 1981 4185 omnes:

530 4238 730 4293 omnia
762 4234 990 4291 Iustino
1018 4232 1306 4311 praebent
1331 4231 1626 4288 elementa
1659 4231 1945 4302 favorem,

528 4338 729 4393 omnia
754 4332 1163 4412 congaudent..
1234 4353 1445 4391 omnes
1473 4332 1729 4390 clamore
1755 4332 1946 4389 vocati

454 4441 652 4497 Merob.
696 4448 748 4495 et
790 4442 911 4494 Cor.
2056 4433 2132 4492 16
