3210 5200
994 429 1310 499 IUSTINI
1357 435 1718 504 MlNoRls
1770 438 1928 506 LIL.
1970 442 2025 508 1.
2451 436 2602 517 169

584 591 718 651 luce
748 612 854 652 sua
887 593 1126 656 radians
1155 608 1213 657 et
1243 610 1457 679 aperto,
1473 602 1662 661 libera
1696 604 1883 680 caelo,

582 696 899 772 conspicuo
929 700 1105 756 vitrei
1134 700 1456 779 splendens
1485 704 1723 781 fulgore
1756 710 2025 784 metalli3

421 793 541 856 100
584 791 781 852 dicere
815 800 867 854 si
893 799 986 857 fas
1010 811 1133 875 est,
1176 805 1339 860 rutili
1365 824 1486 861 non
1515 805 1722 883 indiga
1755 811 1918 884 solis,

584 897 684 954 vel
709 900 857 957 solis
886 899 1139 960 dicenda
1167 901 1415 978 domus3
1463 911 1802 983 gratissima
1832 914 1967 971 visu

586 1009 646 1056 et
671 1000 824 1058 facie
855 1003 1129 1061 miranda
1155 1006 1291 1063 loci.
1380 1027 1519 1085 pars
1548 1014 1835 1089 prospicit
1858 1033 1980 1071 una

582 1101 946 1161 immensum
970 1107 1257 1184 pelagus3
1299 1128 1438 1186 pars
1468 1114 1707 1189 respicit
1736 1114 1918 1172 altera
1945 1126 2206 1194 portum,

587 1214 825 1281 portum
847 1225 1030 1286 quem
1056 1212 1331 1286 geminae
1359 1213 1743 1290 complexant
1770 1214 2012 1274 brachia
2043 1221 2211 1297 ripae

424 1304 542 1370 105
582 1308 895 1367 moenibus
920 1314 1236 1389 appositis,
1278 1311 1515 1390 rapidos
1547 1326 1923 1375 contemnere
1954 1331 2162 1379 ventos

583 1419 644 1465 et
672 1410 932 1486 faciunt,
975 1414 1376 1493 praebentque
1406 1417 1603 1474 salum
1633 1419 1886 1475 statione
1917 1421 2220 1497 quietum:

583 1528 910 1590 aequoreos
940 1516 1223 1593 frangunt
1249 1516 1479 1574 obiecto
1508 1538 1804 1577 marmore
1828 1520 2059 1596 fluctus,

585 1623 645 1669 et
672 1611 993 1690 prohibent
1021 1618 1236 1675 refluas
1266 1621 1534 1696 angustis
1558 1620 1832 1679 faucibus
1863 1621 2077 1682 undas.

584 1717 809 1793 gratior
837 1717 940 1773 ille
965 1716 1082 1775 fuit
1109 1716 1368 1779 dominis
1397 1720 1562 1780 locus
1580 1767 1597 1797 ‚
1642 1720 1803 1781 unde
1834 1726 2106 1785 solebant

429 1819 543 1880 110
580 1816 953 1897 undivagum
975 1830 1241 1897 spectare
1270 1821 1492 1880 fretum
1522 1843 1849 1905 curvasque
1877 1831 2107 1887 carinas

587 1923 787 1983 omnia
812 1931 1116 1980 vectantes
1145 1925 1370 1999 gemini
1399 1930 1755 1985 commercia
1785 1927 2034 1989 mundi.-

584 2023 709 2079 illic
743 2042 778 2080 e
804 2023 1000 2080 stratis
1027 2041 1385 2101 consurgens
1415 2028 1675 2107 impiger
1698 2031 1836 2088 altis

586 2126 809 2182 electus
833 2126 1109 2203 princeps
1136 2136 1362 2184 secreta
1390 2129 1455 2185 iu
1482 2141 1649 2208 parte
1673 2131 1939 2207 sedebat,

583 2236 762 2306 atque
788 2236 1024 2285 ostensa
1049 2226 1166 2284 sibi
1195 2247 1366 2285 carae
1393 2230 1963 2295 referebat‘amanti.

429 2327 543 2391 115
665 2330 827 2386 Dum
851 2329 1117 2407 loquitur
1138 2339 1470 2409 pensatque
1495 2334 1595 2410 pia
1631 2354 1768 2393 cum
1804 2340 2054 2417 coniuge
2084 2361 2274 2417 curas,

585 2431 794 2488 limina
823 2451 987 2489 sacra
1014 2443 1211 2510 patres
1242 2429 1486 2491 deiectis
1508 2436 1777 2497 vultibus
1808 2442 2062 2499 intrant:

586 2533 691 2590 ille
718 2531 956 2591 habitus
988 2553 1192 2591 casum
1218 2536 1405 2611 signis
1438 2542 1791 2597 monstravit
1822 2545 2062 2620 apertis.

585 2657 898 2695 surrexere
928 2638 1029 2694 citi
1047 2680 1063 2710 ,
1122 2637 1440 2714 verbisque
1471 2639 1535 2693 in
1560 2637 1704 2697 sede
1734 2645 1955 2703 relictis

585 2737 665 2796 ad
690 2738 922 2797 medios
950 2758 1170 2797 venere
1194 2739 1380 2796 locos.
1456 2730 1647 2821 “quid
1681 2743 1880 2820 fertis,
1926 2748 2149 2808 amici?

431 2844 544 2905 120
587 2862 691 2899 cur
714 2834 1007 2898 tristes‘ff
1053 2842 1313 2900 lustinus
1348 2844 1452 2901 ait.
1531 2836 1744 2924 “pater
1767 2850 2007 2909 inclitus
2036 2855 2196 2914 orbis

588 2942 804 3003 occidit
832 2963 909 3000 an
937 2944 1086 3002 vivit
1106 2935 1183 3001 ‘l'’
1260 2964 1481 3025 magno
1515 2958 1658 3007 tunc
1690 2954 1853 3029 regia
1887 2954 2028 3013 fletu

585 3048 896 3124 ingemuit.
983 3049 1242 3124 gemitus
1269 3068 1392 3106 uno
1421 3051 1720 3111 calinicus
1750 3053 1974 3115 ademit

587 3167 687 3206 ora
714 3168 990 3226 premens
1024 3146 1244 3227 digito,
1289 3148 1624 3232 dextraque
1651 3155 1886 3215 silentia
1916 3160 2082 3219 fecit.

591 3268 810 3327 aggere
841 3270 964 3307 nou
995 3251 1169 3308 aliter
1203 3271 1339 3309 cum
1367 3255 1523 3313 victo
1556 3256 1777 3314 flumen
1813 3261 2112 3324 inundans

435 3350 547 3416 125
586 3352 650 3410 in
675 3353 830 3411 latos
865 3355 1123 3432 ermnpit
1149 3372 1324 3431 agros
1348 3398 1365 3429 ,
1408 3357 1460 3413 si
1490 3360 1719 3415 cautior
1743 3361 1871 3419 illic

589 3453 959 3532 marginibus
988 3457 1209 3533 sparsis
1240 3465 1461 3515 erectas
1490 3459 1735 3537 colligat
1763 3462 1957 3524 undas

593 3556 850 3631 agricola
871 3600 888 3632 ,
930 3557 994 3613 in
1022 3576 1153 3616 sese
1181 3557 1399 3615 refluus
1424 3561 1799 3622 revocabitur
1819 3569 2036 3644 amnis,

589 3653 942 3736 praecipites
969 3661 1278 3718 frenantur
1299 3679 1490 3739 aquae
1508 3705 1525 3737 ,
1570 3663 1724 3723 redit
1749 3669 2008 3746 impetus
2034 3674 2250 3750 omnis,

590 3767 648 3814 et
674 3758 863 3817 clausi
891 3760 1097 3819 bibula
1127 3764 1239 3820 rivi
1263 3765 1614 3824 minuuntur
1644 3787 1843 3827 arena.

431 3860 550 3922 130.
577 3851 969 3918 “Romanum
998 3863 1349 3940 imperium,
1394 3870 1548 3945 patri
1579 3866 1723 3927 dum
1753 3873 1874 3929 vita
1896 3875 2199 3952 manebat,

588 3963 799 4021 vestris
837 3965 1099 4023 consiliis
1128 3970 1462 4048 vestrisque
1496 3971 1799 4030 laboribus
1833 3986 2070 4032 auctum

590 4072 650 4120 et
678 4064 844 4141 plebi
873 4075 1083 4123 notum
1111 4079 1201 4126 est
1234 4080 1295 4127 et
1323 4089 1430 4129 nos
1460 4092 1597 4129 cum
1619 4074 1795 4150 plebe
1821 4077 2098 4152 fatemur,

590 4165 927 4242 Augustum
945 4210 960 4240 ,
1006 4170 1262 4245 Iustine‚
1308 4192 1518 4250 genus.
1608 4184 1665 4231 te
1696 4177 1964 4255 principe
1994 4178 2266 4259 dignum,

592 4274 647 4321 te
677 4264 989 4325 dominum
1024 4289 1226 4329 sacrae
1260 4278 1396 4354 quis
1420 4295 1540 4335 non
1568 4277 1936 4356 praedixerit
1962 4284 2155 4358 aulae,

430 4377 526 4431 124
556 4379 705 4449 cum]
738 4382 1013 4452 legebatur
1045 4401 1211 4456 quam.
