3210 5200
565 380 578 387 ·
672 350 814 423 348
1313 345 1589 414 NOTAE
1639 345 1728 411 IN
1778 344 2101 413 LIBRUM
2147 345 2183 409 1

668 519 788 574 ima
668 535 822 591 ιιιιιι,
869 533 1020 596 quae
1050 511 1254 572 duae
1235 532 1301 569 m
1331 510 1580 570 retunde
1609 520 1712 570 aut
1737 512 1895 571 ovali
1923 506 2118 570 forma
2144 511 2580 621 coniunguntur
2604 508 2836 572 duabus

671 599 1162 659 extremitatibus.
1247 600 1493 656 ΒΑιιτιι.
1559 614 1574 618 ”

836 702 980 763 827.
1063 699 1432 776 Bulengerus
1474 695 1634 755 hunc
1672 699 1856 756 citans
1898 696 2136 775 Corippi
2175 697 2374 755 locum
2407 717 2514 775 pro
2543 718 2662 755 una
2682 698 2833 776 legit

673 804 853 853 urna,
897 784 1127 841 nullam
1150 781 1324 841 huius
1348 785 1619 841 lectionis¹
1643 780 1914 840 adferens
1942 785 2249 857 rationem,
2295 792 2354 839 at
2380 783 2638 861 profecto
2664 788 2841 840 acute*

672 867 942 926 alludens
983 865 1310 925 adhibitam
1352 871 1414 925 in
1454 868 1823 925 Circensibus
1858 868 2227 924 sortitionem
2256 876 2383 923 tum
2414 868 2673 925 locorum
2700 878 2834 925 tum

555 950 562 955 ’
674 951 1120 1033 quadrigarum,
1168 950 1240 1010 de
1274 972 1390 1033 qua
1421 952 1584 1010 idem
1609 954 1975 1028 Bulengerus
2007 971 2058 1009 c.
2093 955 2189 1014 13.
2274 953 2467 1010 Focc.

837 1054 979 1117 828.
1064 1054 1296 1134 studia]
1342 1055 1498 1112 male
1549 1064 1684 1110 ante
1723 1052 1944 1110 stadia.
2033 1057 2073 1116 2
2116 1055 2271 1116 312:
2315 1051 2641 1111 studcbmm
2672 1071 2835 1129 gau-

672 1138 775 1195 dia
824 1147 1097 1214 surgunt.
1188 1144 1231 1203 2
1272 1143 1430 1201 386:
1475 1138 1803 1195 εἰιιιίἱονιιηι
1836 1139 2032 1215 iurgia
2065 1147 2301 1194 cessent.
2393 1138 2738 1216 sponsiones
2772 1138 2835 1193 in

675 1225 879 1295 Circo3
921 1219 1056 1278 ideo
1095 1222 1263 1281 favor
1298 1226 1362 1280 in
1407 1221 1562 1279 hanc
1595 1233 1698 1280 aut
1731 1223 1899 1279 illam
1936 1222 2252 1279 factionem
2279 1240 2523 1299 pronus.
2609 1222 2764 1278 Plin.
2795 1221 2841 1282 9

675 1328 769 1386 ep.
799 1309 873 1368 6:
901 1306 1123 1384 fizvent
1137 1328 1347 1385 panno
1353 1351 1374 1379 ,
1405 1328 1687 1385 pannum
1709 1318 1941 1376 amant,
1983 1316 2038 1362 et
2054 1308 2139 1363 sic
2164 1307 2228 1363 in
2255 1308 2379 1382 ipso
2409 1326 2589 1362 cursu
2616 1304 2842 1361 medio-

677 1412 790 1471 que
836 1394 1177 1462 certamine,
1234 1392 1333 1450 hic
1373 1392 1532 1449 color
1569 1391 1742 1462 illuc,
1796 1391 1899 1447 ille
1938 1390 2053 1448 Ιιιιο
2098 1389 2518 1468 transferatur,
2572 1389 2849 1446 studium

662 1476 968 1555 favorque
997 1475 1287 1535 transibit.
1380 1474 1550 1535 Ovid.
1578 1474 1651 1534 de
1680 1480 1821 1534 Arte
1855 1480 1885 1538 1
1910 1494 1926 1533 t
1970 1477 2230 1554 quisquis
2256 1477 2363 1531 erit
2384 1476 2486 1532 cui
2491 1474 2675 1551 favet
2696 1471 2845 1541 illa,

661 1560 840 1639 save.
927 1563 1133 1618 Amor.
1179 1566 1217 1625 8
1255 1566 1329 1624 2:
1369 1561 1655 1639 favimus
1701 1563 1940 1639 ignavo,
2034 1560 2142 1618 Sil.
2181 1561 2313 1616 Ital.
2354 1563 2465 1622 16·
2510 1557 2608 1614 hic
2645 1555 2846 1613 studio

662 1645 832 1724 furit
873 1647 1031 1702 acris
1075 1646 1236 1724 equi,
1261 1645 1435 1723 furit
1474 1645 1575 1702 ille
1608 1647 1899 1724 magistri.
1988 1644 2195 1723 virgil.
2223 1645 2373 1700 Aen.
2401 1643 2475 1705 5.
2519 1641 2845 1718 studiisque

662 1729 989 1809 faventum
1014 1741 1294 1785 consonat
1318 1750 1486 1786 omne
1510 1690 2188 1788 nemus.01audian.⁰de
2210 1729 2248 1789 6
2266 1730 2487 1787 Honor.
2498 1726 2845 1783 consulatu:
2874 1780 2880 1787 ,

660 1815 906 1891 flagrat
949 1811 1160 1869 studu‘c
1209 1814 1520 1871 eoncordia
1559 1814 1751 1891 vulgi.
1844 1817 2084 1893 antiqua
2126 1814 2463 1890 inscriptiO,
2511 1807 2844 1868 Antiocheti

680 1900 919 1974 aurigae
962 1899 1394 1954 monimentum
1415 1897 1688 1976 ‚satisti
1720 1900 1853 1955 ιίιο
1874 1898 2146 1975 [ονείίαη
2173 1901 2297 1974 ipse
2326 1896 2493 1953 mihi.
2585 1906 2641 1952 et
2670 1890 2845 1950 Fusci

678 1983 917 2060 aurigae
961 1991 1130 2039 vetus
1168 1984 1315 2038 item
1342 2001 1635 2040 marmor:
1663 1981 1959 2060 factionis
1993 1993 2231 2038 tenetae
2259 1982 2448 2038 Ιᾶιεοο
2475 1980 2843 2037 sacravimus

676 2087 848 2123 aram
874 2066 946 2124 de
972 2076 1194 2137 nostr-0,
1231 2078 1379 2124 certe
1409 2068 1662 2125 studiosi
1689 2077 1743 2123 et
1767 2065 1907 2124 bene
1932 2078 2221 2123 amantes.
2311 2068 2585 2131 Dsmrsr.

842 2168 924 2226 ib.
1007 2170 1268 2247 partes}
1293 2166 1407 2226 hoc
1441 2181 1528 2228 est
1544 2171 1874 2249 sactiones;
1919 2171 2002 2227 sic
2034 2173 2075 2232 2
2118 2172 2262 2232 810.
2347 2170 2536 2227 Fooc.

844 2274 968 2334 828
999 2280 1056 2327 et
1085 2273 1208 2334 829
1255 2268 1355 2344 [in
1381 2290 1475 2329 ms
1499 2273 1623 2333 820
1648 2280 1707 2328 et
1730 2272 1907 2348 321J.
1993 2267 2157 2327 hisce
2182 2266 2413 2329 duobus
2442 2270 2704 2329 versibus
2730 2288 2841 2331 mo

676 2357 742 2412 in
773 2355 904 2413 loco
923 2399 939 2429 ,
982 2352 1143 2412 unde
1179 2352 1390 2413 dimoti
1427 2356 1692 2428 fuerant,
1736 2356 2017 2412 restitutis
2056 2356 2255 2411 omnia
2281 2354 2435 2412 bene
2470 2356 2843 2414 conveniunt-

679 2443 882 2520 itaque
913 2451 1079 2498 notat
1114 2440 1402 2517 Corippus
1442 2442 1738 2509 institutas
1765 2441 2026 2517 primum
2049 2439 2233 2497 fuisse
2259 2450 2538 2520 quattuor
2562 2442 2718 2498 Circi
2747 2439 2844 2496 fa-

678 2524 902 2584 ctiones
951 2523 1032 2583 ad
1074 2535 1350 2606 quattuor
1393 2527 1561 2585 anni
1581 2534 1849 2603 tempora
1896 2521 2295 2602 designanda,
2367 2522 2643 2604 deinceps
2681 2542 2845 2597 vero,

679 2613 821 2692 quia
847 2611 1043 2668 albata
1075 2620 1135 2668 et
1161 2609 1366 2669 viridis
1393 2611 1622 2668 factio‘
1603 2629 1670 2666 ιιι
1698 2629 1881 2667 unam
1905 2611 2275 2684 coaluerunt,
2322 2613 2757 2669 coniunxerunt
2779 2628 2845 2667 se

680 2697 746 2753 in
773 2715 956 2754 unam
984 2707 1043 2754 et
1065 2696 1215 2753 aliae
1245 2695 1428 2755 duae·
1413 2738 1431 2770 ,
1477 2706 1535 2753 et
1555 2691 1697 2752 hinc
1724 2692 1875 2753 duae
1902 2693 2273 2756 solummodo
2307 2696 2723 2774 superfuerunt
2751 2695 2847 2750 fa-

686 2783 941 2855 ctiones,
981 2801 1134 2861 quae
1165 2792 1450 2840 aestatem
1483 2800 1619 2842 cum
1643 2788 1924 2840 autumno
1952 2791 2011 2838 et
2036 2777 2301 2842 hiemem
2327 2800 2466 2838 cum
2488 2801 2628 2839 vere
2656 2780 2846 2856 signi-

683 2865 965 2937 ficabant,
1009 2868 1253 2928 Prasina
1279 2868 1562 2924 nimirum
1585 2876 1645 2923 et
1670 2868 1926 2939 Veneta,
1971 2885 2123 2945 qnae
2147 2866 2393 2945 reliquis
2418 2863 2647 2925 duabus
2672 2883 2847 2943 prae-

684 2952 995 3007 stantiores
1016 2967 1251 3026 semper
1272 2951 1524 3023 fuerant,
1570 2951 1713 3027 quia
1738 2949 1915 3007 modo
1940 2952 2047 3007 uni
2067 2949 2246 3008 modo
2273 2950 2445 3008 alteri
2469 2948 2684 3010 addicti
2709 2949 2849 3005 fue-

684 3043 820 3091 runt
854 3035 1271 3110 imperatores,
1314 3044 1381 3090 ut
1414 3035 1696 3091 Prasinae
1731 3035 2031 3111 Caligula,
2072 3036 2255 3108 Nero,
2299 3037 2523 3110 Verus,
2568 3036 2850 3092 Commo-

685 3115 830 3191 dus,
875 3120 1117 3191 Avitus,
1160 3119 1418 3175 Venetae
1445 3117 1751 3191 Vitellius,
1797 3119 2127 3193 Caracalla,
2173 3121 2551 3178 Iustinianus.
2610 3137 2721 3176 nec
2746 3137 2847 3175 re-

683 3211 856 3279 putes
900 3200 1061 3282 quod
1095 3202 1358 3280 reliquae
1401 3200 1553 3262 duae
1585 3204 1827 3262 omnino
1872 3206 2166 3263 extinctae
2206 3206 2461 3262 fuerint.
2506 3211 2847 3262 manserunt

682 3286 845 3342 enim
873 3289 1052 3342 etiam
1081 3286 1241 3360 illae,
1286 3286 1394 3345 sed
1433 3288 1757 3363 obscurius,
1801 3290 1984 3347 veluti
2011 3287 2225 3347 harum
2257 3288 2666 3390 pedissequae,
2711 3288 2849 3366 qui-

676 3369 928 3429 buscum
969 3372 1507 3449 coniungebantur,
1550 3383 1620 3430 ut
1669 3374 1870 3452 plures
1916 3376 2193 3432 evincunt
2234 3376 2521 3454 sequioris
2563 3372 2848 3450 temporis

676 3457 1079 3530 auctoritates,
1130 3475 1278 3535 quas
1305 3455 1440 3517 vide
1468 3457 1628 3538 apud
1654 3457 1965 3520 laudatum
1990 3461 2393 3538 Bulengerum
2422 3456 2495 3516 de
2526 3458 2696 3516 Circo
2726 3458 2846 3515 Ro-

679 3558 858 3599 mano
889 3551 947 3598 et
969 3539 1128 3624 ludis
1160 3543 1530 3603 Circensibus
1559 3564 1610 3601 c.
1643 3541 1746 3608 49.
1834 3546 2029 3603 Foco.

845 3645 988 3705 880.
1076 3642 1363 3722 circulus]
1409 3646 1508 3704 vel
1536 3664 1571 3703 a
1596 3648 1877 3717 circuitu,
1921 3643 2251 3705 Cassiodor-
2277 3647 2406 3704 loco
2432 3647 2637 3715 citato,
2680 3640 2780 3699 vel
2809 3659 2849 3698 a

688 3725 856 3782 circe
885 3725 1144 3784 venefica
1165 3771 1180 3801 ,
1227 3747 1377 3807 quae
1407 3733 1602 3808 prima
1631 3734 1784 3810 patri
1809 3750 1915 3789 suo
1944 3733 2056 3789 soli
2082 3729 2377 3789 ludicrum
2405 3727 2519 3788 hoc
2548 3735 2848 3784 certamen

680 3811 1055 3888 excogitavit.
1141 3811 1347 3870 Isidor.
1383 3816 1459 3876 18
1501 3818 1604 3880 28.
1674 3818 1899 3875 Nonius
1922 3817 2049 3874 vult
2074 3836 2315 3874 omnem
2338 3816 2624 3873 ambitum
2648 3821 2709 3869 et
2732 3828 2849 3888 gy-

682 3912 815 3951 rum
867 3914 995 3954 esse
1045 3898 1294 3970 circum3
1343 3896 1599 3977 denique
1644 3902 1826 3959 Varro
1867 3898 1944 3959 de
1974 3903 2123 3980 ling.
2153 3904 2287 3960 Lat.
2317 3899 2391 3975 4,
2433 3894 2597 3979 quod
2630 3897 2851 3953 circum

682 3981 1031 4057 spectaculis
1074 3980 1497 4040 aedificaretur.
1584 3983 1794 4043 Claud.
1827 3983 1901 4043 de
1932 3990 1971 4049 6
2009 3987 2235 4045 consul.
2272 3989 2462 4043 Hon..
2528 3998 2853 4039 conae-vum

679 4063 973 4141 gradibus
1017 4078 1328 4124 veneratur
1360 4087 1642 4144 pmpum
1686 4070 1925 4150 vulg-m.
2028 4075 2153 4130 sive
2194 4068 2358 4150 quod
2401 4071 2625 4126 circum
2660 4073 2850 4124 metas

685 4167 904 4288 pompa
943 4149 1223 4225 ferretur,
1280 4149 1396 4209 hoc
1434 4163 1524 4211 est
1560 4155 1853 4233 imagines
1900 4152 2175 4229 deorum,
2226 4164 2295 4213 ut
2334 4154 2483 4211 alibi
2525 4160 2852 4211 ostensum.

742 4251 965 4292 turer.

853 4319 994 4381 832.
1072 4320 1348 4394 geminas
1387 4326 1601 4403 metas]
1647 4344 1767 4385 non
1804 4334 2041 4403 putem.
2087 4343 2231 4385 nam
2267 4320 2428 4382 unde
2472 4317 2859 4380 dimitteban-
