3210 5200
954 413 1043 479 IN
1091 412 1620 480 mammons
1667 412 1701 477 1
1749 373 2098 478 NOTAE(
2445 413 2596 485 219

558 629 561 636 .
578 579 731 648 225.
812 599 871 639 ι’.
899 599 1077 659 supra
1106 578 1226 644 159
1265 588 1324 636 et
1355 588 1560 636 notam
1592 579 1655 635 in
1684 575 1961 638 eundem.

578 670 728 730 229.
813 664 890 722 de
912 677 1088 744 portu
1126 665 1413 722 Canauna
1452 666 1513 721 in
1544 664 1747 722 Sicilia
1790 662 1929 721 vide
1956 660 2311 741 Procopium
2342 663 2416 720 cle
2440 661 2592 734 bello

422 751 622 809 Vand·
670 757 699 813 1
744 749 1016 823 14,u1›i
1056 760 1253 806 narrat
1299 747 1513 806 eodem
1546 750 1608 805 in
1641 757 1817 827 portu
1855 750 2088 806 stetisse
2123 751 2303 805 etiam
2342 748 2593 816 classem

410 836 706 908 Belisarii‚
748 854 883 892 cum
912 836 972 891 in
999 835 1262 892 Africam
1288 835 1772 912 proficisceretur.
1817 835 2020 892 confer
2046 834 2229 890 etiam
2255 834 2594 892 Historiam

412 920 762 979 Jliscetlam
792 923 868 984 16
914 939 1008 998 ap.
1045 922 1325 980 Murator.
1356 919 1586 977 Rerum
1615 920 1819 976 Italic.
1862 919 2188 995 Scriptores
2215 929 2259 975 t.
2295 920 2329 978 1
2361 937 2422 996 Ρ.
2458 919 2596 990 105,

411 1018 470 1062 et
497 1006 755 1063 Cluverii
796 1006 1072 1062 Siciliam·
1100 1007 1290 1081 anteq
1329 1004 1365 1065 1
1402 1003 1481 1067 14
1513 1025 1575 1083 Ρ.
1605 1008 1725 1068 190
1765 1013 1823 1060 et
1856 1022 1984 1084 seq.
2019 1001 2115 1061 ed.
2143 1014 2262 1060 vet.
2295 1012 2354 1060 et
2385 1023 2445 1081 Ρ.
2472 1005 2598 1066 223

412 1088 512 1148 ed.
552 1109 743 1146 novae
786 1090 851 1146 iu
904 1089 1199 1146 Thesauro
1238 1089 1547 1167 Anti‘quet.
1598 1101 1654 1145 et
1694 1090 1927 1146 Ilistor.
1983 1088 2229 1146 S'iciliae
2261 1079 2500 1144 Graevii
2540 1097 2597 1146 et

412 1176 700 1233 But-mani
731 1185 773 1230 t.
799 1179 855 1238 1.
940 1176 1002 1231 in
1046 1176 1375 1253 quantitate
1412 1177 1571 1232 vocis
1627 1175 1854 1231 Sicana
1895 1185 2131 1232 secutus
2177 1182 2266 1232 est
2306 1173 2598 1250 Corippus

413 1262 771 1332 Ausonium,
818 1259 1012 1337 quiin
1051 1258 1283 1336 C'ripIaeo
1318 1279 1377 1317 v.
1403 1258 1486 1321 46
1513 1261 1741 1338 priores
1763 1259 2032 1338 ‘syllabas
2060 1257 2368 1338 produxit.

579 1348 722 1409 231.
807 1342 884 1400 de
931 1345 1169 1423 aquilae
1226 1353 1410 1403 rostro
1451 1343 1814 1403 Claudianus
1865 1345 1949 1403 ait
1990 1345 2065 1403 de
2100 1342 2253 1400 bello
2309 1341 2591 1411 Gildon„

404 1430 560 1504 470,
603 1449 802 1485 morsu
821 1431 1092 1505 partitur
1114 1427 1364 1487 obunco.

576 1518 721 1579 282.
806 1515 970 1592 Virg.
995 1514 1158 1571 Aen.
1190 1518 1229 1576 8
1254 1513 1645 1579 2852l1iems
1677 1511 2063 1592 aquilonibus
2094 1522 2333 1589 asperat
2364 1511 2582 1568 undas.

577 1600 722 1662 238.
807 1609 1077 1678 poteram
1103 1600 1396 1670 corrigere
1419 1608 1609 1669 tetra,
1652 1609 1718 1656 ut
1741 1598 1895 1656 dixit
1920 1601 2039 1656 Cic.
2059 1618 2177 1675 pro
2200 1598 2300 1676 leg
2264 1618 2330 1653 σε
2346 1595 2581 1674 Agrar.

409 1686 508 1742 Or.
538 1687 578 1748 2
609 1704 660 1740 c.
693 1687 803 1746 17:
861 1694 1043 1741 tetrae
1068 1682 1339 1741 tenebrae
1366 1694 1422 1741 et
1446 1682 1667 1762 caligo.
1757 1682 1865 1742 sed
1895 1703 2002 1762 pro
2033 1694 2246 1740 tetram
2249 1641 2361 1746 hest
2389 1683 2587 1762 Luca-

406 1788 519 1830 nus
545 1770 585 1831 4
619 1771 691 1832 17
697 1771 770 1832 2.
817 1779 966 1827 tetra
987 1766 1324 1827 nimborum
1347 1780 1514 1826 nocte
1539 1778 1757 1826 coorta.

570 1855 717 1918 257.
801 1873 861 1912 v.
889 1873 1066 1932 supra
1093 1852 1171 1911 ad
1197 1874 1255 1911 v.
1287 1857 1433 1917 233.

572 1939 718 2002 258.
803 1939 869 1996 S.
897 1940 1229 2018 Cyprianus
1258 1939 1506 1997 fortasse
1534 1948 1624 1998 est
1648 1938 1783 2014 ille,
1830 1937 1935 2018 qui
1964 1934 2064 1996 hic
2088 1942 2333 2016 apparet
2358 1930 2580 1993 Iohan-

408 2021 504 2096 ni,
564 2043 702 2080 cum
742 2021 817 2080 de
858 2023 1073 2082 eodem
1112 2025 1178 2083 S.
1222 2025 1485 2082 antistite
1519 2022 1997 2102 Carthaginiensi
2037 2033 2096 2080 et
2134 2034 2392 2100 martyre
2433 2017 2582 2077 haec

405 2111 586 2166 etiam
644 2107 1004 2167 Prudentius
1056 2111 1334 2168 cecinerit
1389 2108 2154 2188 Peristeple.Hy1nu.12
2219 2110 2337 2172 99.
2429 2116 2582 2163 tenet

405 2193 509 2251 itta
535 2214 724 2272 regna
747 2194 942 2264 caeli,
997 2214 1107 2251 nec
1146 2196 1347 2252 minus
1386 2194 1663 2253 involitat
1684 2197 1892 2265 terris,
1950 2213 2061 2251 nec
2100 2189 2180 2249 ab
2216 2191 2330 2249 hoc
2368 2192 2585 2247 recedit

405 2278 565 2337 orbe.
653 2281 774 2337 imo
805 2279 1131 2357 Procopius
1172 2281 1303 2358 ipse
1341 2279 1416 2336 de
1445 2277 1597 2337 bello
1633 2280 1911 2343 Vand.1
1949 2281 2026 2340 21
2072 2287 2271 2335 narrat
2283 2277 2585 2358 profana-

406 2367 569 2422 tione
604 2364 815 2442 templi
850 2361 1049 2422 eidem
1086 2366 1334 2443 martyri
1377 2383 1542 2422 sacro
1578 2385 1687 2443 per
1722 2366 1975 2431 Arianos
2015 2359 2316 2420 Vandalus
2348 2370 2584 2438 peracta

408 2449 717 2526 (versione
763 2459 897 2507 utor
938 2448 1174 2507 Claudii
1211 2447 1512 2527 Maltreti)
1560 2450 1799 2506 maestis
1840 2459 1897 2505 et
1932 2448 2128 2504 animi
2164 2444 2365 2527 dubiis
2404 2445 2588 2521 Afris

415 2535 781 2613 Cypriaman
804 2554 978 2612 saepe
1004 2536 1200 2593 visum
1223 2536 1289 2591 in
1308 2536 1529 2593 somnis
1556 2535 1798 2605 dit-isse,
1839 2553 1914 2591 ne
1935 2552 2051 2590 sua
2077 2551 2263 2589 causa
2299 2528 2590 2587 Christia-

407 2641 514 2678 nos
549 2619 720 2677 haber
722 2631 787 2676 vt
813 2620 1104 2679 solicitos:
1157 2622 1451 2699 futurum
1484 2622 1644 2678 enim
1677 2632 1908 2697 tempus
1925 2659 1948 2688 ,
2021 2638 2161 2677 cum
2193 2618 2320 2693 ipse
2339 2616 2588 2693 factam

406 2704 525 2762 sibi
552 2707 836 2762 iniuriam
865 2704 1264 2764 ulcisceretur.
1328 2704 1402 2764 de
1432 2707 1609 2764 variis
1638 2704 2104 2785 apparitionibus
2129 2700 2377 2761 huiusce
2398 2702 2587 2758 sancti

408 2788 545 2848 vide
583 2790 753 2869 Acta
793 2791 1149 2848 Sanctorum
1199 2790 1560 2869 Septembris
1596 2801 1643 2849 t.
1688 2791 1729 2854 4
1770 2810 1832 2869 p.
1876 2788 2000 2853 334
2043 2799 2102 2847 et
2138 2806 2310 2867 seqq.
2394 2786 2587 2843 fateor

406 2884 605 2934 tamen
635 2876 897 2954 potuisse
922 2879 1206 2954 poetam·
1190 2897 1437 2935 numere
1467 2878 1530 2937 S.
1553 2879 1810 2935 Laetum
1831 2876 2173 2976 episcopum
2197 2872 2584 2951 Neptitanum

402 2972 464 3019 et
502 2972 698 3039 mart)
703 2981 860 3032 rem,
936 2960 1010 3019 de
1053 2981 1169 3041 quo
1211 2950 1411 3021 Victor
1444 2964 1827 3021 Tunonensis
1876 2964 1942 3018 in
1988 2959 2273 3019 Chronico
2315 2955 2394 3016 ad
2437 2976 2582 3015 ann.

404 3044 623 3105 Christi
664 3044 787 3109 534
834 3044 982 3103 haec
1021 3047 1296 3126 reliquit.
1340 3050 1677 3106 Justtnismo
1711 3048 1826 3106 JV
1852 3067 1971 3104 cos.
2019 3046 2395 3104 lastinianus
2425 3044 2574 3119 imp.

401 3133 737 3190 visitatione
760 3132 942 3188 Laeti
968 3133 1229 3208 episcopi
1252 3132 1331 3191 ab
1356 3135 1601 3192 Hune]
1566 3155 1666 3191 cco
1701 3134 1770 3192 V
1754 3131 2116 3190 andalorum
2137 3149 2275 3208 rege
2304 3129 2584 3204 martyris

386 3218 556 3295 sacti
565 3260 592 3288 ‚
649 3219 967 3273 exercitum
994 3223 1060 3273 ιἰι
1084 3218 1372 3295 Asi-icam
1388 3260 1410 3287 ,
1467 3219 1766 3276 Belisario
1798 3219 2085 3296 magisve
2118 3216 2378 3272 miiitum
2401 3214 2581 3281 duce,

404 3313 613 3360 contra
660 3301 972 3380 Vandalos
1009 3303 1207 3360 mittit.
1299 3301 1592 3362 Iohannes
1634 3315 1837 3361 autem
1871 3305 2199 3380 Limpenus
2248 3298 2323 3375 de
2355 3297 2578 3367 eodem

402 3398 605 3445 sancto
632 3405 816 3464 agens
841 3388 950 3444 int.
979 3387 1147 3444 Acta
1183 3388 1392 3447 Sanct.
1436 3390 1599 3467 Sept.
1634 3398 1679 3446 t.
1711 3393 1753 3454 2
1778 3408 1840 3466 Ρ.
1869 3392 2022 3462 682,
2067 3388 2176 3445 sub
2214 3384 2312 3443 die
2343 3388 2381 3448 6
2414 3386 2578 3442 eius-
2695 3440 2700 3445 .

404 3469 546 3543 dem
571 3474 822 3546 mensis,
864 3481 999 3549 post
1028 3472 1214 3530 relata
1235 3474 1417 3532 verba
1447 3475 1505 3532 T
1508 3476 1830 3532 unonensis
1865 3492 1998 3529 eam
2024 3472 2454 3550 apparitionem
2479 3490 2579 3527 re-

401 3558 588 3631 seuit,
646 3554 793 3614 haec
821 3555 1117 3615 subdens.
1102 3574 1119 3591 ·
1172 3557 1398 3616 similia
1423 3578 1492 3616 ex
1519 3558 1779 3616 eiusdem
1818 3558 2076 3618 Victoris
2103 3555 2378 3612 chronico
2409 3552 2584 3612 haud

399 3641 578 3701 dubie
602 3653 846 3717 accepta
874 3642 1158 3719 leguntur
1182 3643 1358 3721 apud
1384 3645 1451 3703 S.
1495 3645 1796 3703 Isidorum
1825 3641 2297 3718 Hispalensem
2271 3661 2337 3697 in
2362 3641 2580 3698 Ili-sto-

398 3729 492 3784 ria
528 3725 965 3785 Vandalorum.
1053 3739 1124 3785 at
1154 3740 1402 3807 atr-oque
1440 3730 1746 3808 antiquior
1786 3728 2115 3804 Procopius
2153 3726 2580 3795 Caesariensis,

400 3814 511 3890 qui
542 3811 715 3889 Cpoti
741 3810 1031 3890 degebat,
1089 3833 1230 3871 cum
1266 3814 1489 3872 bellum
1533 3815 1657 3873 ada
1645 3836 1819 3872 ersus
1866 3815 1932 3873 V
1921 3810 2176 3870 andalus
2204 3811 2582 3887 lastinianus

398 3917 561 3954 anno
601 3897 821 3955 Christi
840 3899 962 3961 533
990 3900 1346 3976 susciperet,
1399 3902 1739 3979 episcopum
1779 3900 2078 3978 quendam
2116 3896 2214 3954 dei
2252 3898 2480 3954 monitu
2511 3917 2582 3952 ex

412 3981 485 4038 01
487 3983 652 4039 iente
680 3982 857 4040 illum
884 3982 1011 4040 adt
1001 3986 1198 4041 enisse
1229 3987 1472 4055 asserit,
1527 3989 1701 4044 cuius
1729 3985 2126 4043 exhortatione
2153 3984 2436 4040 incitatus
2460 3983 2599 4049 im-‚

396 4076 638 4141 perator
678 4064 900 4124 bellum
935 4067 1101 4126 istud
1133 4068 1470 4126 decreverit.
1560 4070 1813 4131 subinde
1845 4071 2050 4128 recitat
2074 4087 2227 4148 quae
2257 4069 2579 4146 Procopius

401 4159 600 4206 narrat
627 4148 741 4207 hac
772 4169 952 4228 super
980 4172 1040 4209 re
1073 4153 1146 4210 de
1169 4152 1320 4212 bello
1358 4155 1558 4214 Vand.
1598 4162 1629 4219 l
1669 4162 1778 4231 10,
1825 4166 1885 4213 et
1921 4152 2257 4213 concludit.
2315 4153 2423 4211 sed
2458 4154 2577 4207 im-

387 4244 722 4308 peratorem
745 4236 931 4311 istum
957 4237 1045 4295 ad
1078 4238 1147 4296 V
1132 4239 1388 4299 andalos
1410 4239 1792 4300 debellandos
1818 4240 2129 4298 inductum
2136 4239 2342 4318 sitisse
2367 4238 2576 4293 visita-

395 4320 551 4376 tione
576 4319 759 4376 Laeti
782 4322 1041 4397 episcopi
1054 4364 1078 4392 ,
1119 4334 1187 4381 ut
1218 4326 1422 4384 Victor
1455 4327 1821 4384 Dinonensis
1842 4324 2046 4383 scribit
2060 4367 2086 4396 ,
2128 4334 2253 4382 tuto
2281 4320 2444 4379 credi
2468 4340 2575 4376 ne-

396 4405 565 4480 quit,
606 4404 730 4462 nisi
753 4406 1040 4483 Procopii
1057 4407 1427 4469 adversantis
1446 4413 1698 4491 gravior
1721 4413 2046 4471 auctoritas
2074 4409 2349 4485 elevetur.
2400 4407 2573 4486 equi-
