3210 5200
651 405 797 480 106
1573 406 1910 478 coRu’Pt

725 572 771 640 5
810 573 1022 635 militis
1048 569 1329 634 indomiti
1356 568 1560 633 nullus
1590 584 1729 654 post
1754 574 1987 656 proelia
2010 574 2297 638 membris

811 686 1015 756 torpor
1038 679 1228 736 inest:
1271 696 1521 758 quassos
1547 676 1733 736 reficit
1764 679 2010 738 victoria
2037 697 2278 752 nervos,

815 779 1215 860 virtutemque
1246 789 1429 839 novat
1458 789 1666 858 captae
1694 798 1833 858 spes
1862 778 2066 839 addita
2088 779 2370 859 praedae,

815 889 878 938 et
905 881 1172 940 relevant
1199 883 1431 940 animos
1457 878 1564 939 fidi
1589 883 1881 961 promissa
1905 883 2200 961 magistri·

895 984 1245 1043 Maurorum
1271 984 1501 1042 interea
1516 1027 1535 1059 ‚
1584 986 1778 1044 noctis
1807 983 2055 1044 defensa
2080 985 2364 1062 tenebris,

695 1087 774 1151 10
812 1086 1055 1163 agmina
1082 1085 1397 1145 currebant
1422 1088 1651 1145 cunctis
1677 1107 1786 1167 per
1812 1085 1986 1147 devia
2013 1089 2206 1163 terris,

814 1207 1022 1267 sparsa
1046 1197 1238 1248 metu.
1319 1207 1448 1247 nox
1475 1190 1607 1268 ipsa
1635 1189 1831 1264 iuvat,
1872 1209 2000 1249 nox
2019 1191 2153 1270 ipsa
2179 1191 2421 1270 fatigat.

815 1289 1035 1369 eripuit
1059 1287 1276 1349 mediis
1304 1301 1546 1351 cunctos
1570 1287 1647 1349 de
1673 1291 1944 1352 faucibus
1968 1295 2105 1353 Orci

815 1391 1121 1452 occultans
1147 1393 1399 1454 obscura
1422 1396 1617 1454 viros:
1656 1393 1764 1454 sed
1788 1415 1991 1456 rursus
2022 1393 2268 1456 easdem

815 1494 1097 1554 sollicitat
1128 1493 1343 1556 dubias
1370 1498 1596 1558 incerto
1623 1500 1815 1557 Marte
1848 1508 2136 1558 catervas.

689 1596 771 1661 15
813 1595 1107 1675 effugiunt
1128 1596 1336 1677 pavidi
1352 1641 1370 1672 ‚
1411 1599 1581 1657 nullo
1605 1610 1745 1677 post
1770 1611 1936 1678 terga
1964 1608 2274 1680 sequente,

811 1696 961 1757 dum
983 1697 1284 1777 trepidant
1299 1742 1318 1773 ‚
1362 1701 1765 1781 strepitusque
1794 1720 1935 1763 suos
1959 1704 2308 1782 sonitusque
2336 1721 2578 1762 suorum

810 1820 942 1859 esse
965 1811 1176 1879 putant
1200 1799 1401 1860 hostes
1416 1842 1435 1876 ‚
1478 1801 1818 1881 turbatique
1844 1800 2030 1861 ardua
2056 1814 2341 1883 quassant

808 1903 914 1960 ilia
943 1900 1353 1981 cornipedum.
1439 1902 1659 1960 crebris
1686 1914 1969 1963 montana
1997 1906 2251 1984 flagellis

810 2015 985 2065 nocte
1012 2005 1227 2063 silente
1250 2012 1516 2084 [crepant.
1600 2006 1834 2062 socium
1864 2008 2183 2067 terroribus
2211 2026 2429 2085 agmen

682 2111 769 2175 20
809 2109 1076 2186 exagitat
1104 2104 1366 2167 solidum
1392 2107 1666 2188 quatiens
1690 2107 1841 2166 levis
1864 2109 2092 2187 ungula
2118 2128 2420 2188 campum.

895 2212 1103 2270 Altera
1129 2207 1447 2269 Phoebeos
1472 2209 1722 2287 cogebat
1747 2229 1981 2268 currere
2010 2231 2215 2271 cursus

806 2316 1046 2375 Oceano
1075 2322 1335 2372 reserata
1363 2309 1514 2370 dies.
1598 2311 1871 2369 turbatur
1892 2310 2148 2373 anhelis

806 2436 1036 2498 aequor
1063 2426 1123 2474 et
1148 2412 1321 2473 ardet
1347 2413 1557 2493 equis;
1604 2414 1945 2473 fervescunt
1972 2425 2184 2493 stagna
2212 2413 2517 2494 profundi,

804 2528 1039 2579 aestuat
1065 2515 1229 2577 unda
1255 2528 1496 2575 tumens
1512 2559 1529 2590 ‚
1577 2526 1639 2575 et
1667 2536 1865 2575 sacros
1899 2521 2153 2596 parturit
2181 2520 2377 2597 ignes.

672 2624 759 2692 25
802 2640 1166 2701 consurgens
1192 2620 1371 2680 solita
1393 2621 1656 2699 primum
1679 2621 1900 2699 pietate
1923 2624 2211 2700 magister

797 2728 993 2786 laetus
1022 2726 1148 2802 agit
1177 2732 1406 2801 grates,
1453 2719 1769 2781 dominum
1797 2724 2033 2782 virtutis
2064 2721 2322 2784 adorans

797 2839 860 2887 et
889 2828 1133 2886 meritas
1163 2821 1421 2883 reddens
1450 2823 1557 2880 tali
1583 2842 1693 2901 pro
1720 2843 1970 2882 munere
1997 2824 2234 2886 laudes.

799 2940 943 2989 tunc
969 2929 1113 2986 laeti
1142 2944 1361 2983 venere
1390 2921 1574 2983 duces
1600 2925 1907 3007 fortesque
1929 2926 2153 2984 tribuni

800 3042 861 3090 et
887 3029 1069 3111 primi
1093 3043 1443 3113 procermn3
1485 3023 1728 3085 medius
1755 3047 1905 3109 quos
1931 3029 2062 3106 ipse
2087 3026 2394 3104 magister,

672 3140 757 3203 30
796 3134 885 3194 sic
913 3134 1077 3212 prior
1101 3129 1447 3210 alloquitur.
1522 3118 1718 3207 “quae
1747 3148 1898 3207 gens
1925 3127 2246 3189 durissima
2275 3141 2506 3191 vestros

798 3236 1019 3295 corruit
1050 3242 1188 3291 aute
1219 3227 1403 3309 pedes
1422 3271 1440 3304 ,
1484 3226 1667 3289 socii!
1755 3233 1843 3290 sic
1866 3233 2076 3291 mortis
2105 3234 2385 3310 amicam,

801 3340 888 3398 sic
913 3335 1153 3414 iugulos
1179 3333 1400 3391 inferre
1424 3334 1590 3407 neci,
1634 3334 1722 3392 sic
1752 3354 1985 3393 currere
2014 3336 2080 3393 in
2106 3333 2311 3396 hostes

801 3459 926 3499 non
957 3437 1131 3497 Albis
1160 3434 1451 3514 populos,
1494 3455 1674 3494 saeva
1699 3455 1824 3494 non
1852 3435 2099 3496 Perside
2125 3436 2289 3495 vidi:

798 3560 945 3600 nam
973 3541 1250 3619 quotiens
1279 3539 1473 3609 victos·
1500 3534 1704 3598 hostes
1737 3536 1879 3598 dare
1914 3550 2084 3617 terga
2115 3539 2349 3617 subegi,

671 3644 753 3711 35
793 3640 1090 3721 intrepido
1119 3642 1338 3700 totiens
1367 3640 1542 3697 vultu
1561 3638 1794 3698 rediere
1817 3642 2044 3700 minaci

794 3765 934 3805 cum
965 3745 1212 3802 fremitu
1237 3743 1511 3822 saltuque
1540 3743 1693 3802 fero.
1778 3752 1983 3801 tamen
2014 3740 2227 3802 ordine
2253 3760 2492 3803 summo

794 3857 857 3906 et
882 3848 1071 3904 nostri
1095 3847 1315 3904 virtute
1344 3842 1444 3902 dei
1470 3844 1770 3903 confracta
1801 3846 2064 3914 recessit.

791 3968 952 4008 nuuc
974 3948 1235 4027 Libycos
1261 3945 1413 4005 fines
1440 3947 1617 4004 solito
1650 3943 1893 4004 custode
1923 3947 2079 4004 tueri

794 4053 1127 4111 accelerare
1157 4048 1387 4129 placet,
1431 4048 1633 4105 felicia
1664 4067 1852 4126 regna
1878 4048 2122 4106 referre.

659 4155 743 4233 40
784 4157 949 4214 ocius
980 4155 1045 4212 in
1072 4152 1343 4231 proprias
1372 4168 1773 4230 numerosque
1799 4146 2062 4208 reducite
2090 4142 2267 4208 sedes

616 4309 655 4361 9
688 4318 938 4359 nurerum
964 4304 1016 4355 Τ
1171 4302 1240 4357 21
1276 4272 1503 4355 cummi?r
1661 4299 1732 4354 30
1762 4315 1912 4370 quem
1938 4299 1989 4352 T
2130 4298 2198 4352 31
2235 4296 2459 4351 Martis?
2594 4298 2666 4353 33
2699 4315 2822 4352 sae-

619 4391 734 4429 vam
756 4392 856 4429 nou
877 4370 1135 4428 Persida?
1342 4369 1412 4424 35
1444 4367 1728 4442 intrepidi?
1934 4368 2063 4424 ibid.
2096 4367 2329 4440 quotiens
2354 4369 2417 4422 Τ.
