3210 5200
719 406 867 482 264
1477 391 2154 470 MAzznccHELm

881 576 1026 643 594.
1119 577 1282 653 Virg.
1318 572 1481 630 Aen.
1514 574 1553 634 9
1578 574 1739 635 269:
1785 591 1902 650 quo
1949 571 2185 628 mm
2217 591 2390 651 equo,
2436 570 2654 651 quibus
2686 572 2813 630 ibat
2839 577 2907 632 in

882 919 1026 982 613.
1120 913 1420 970 constricti
1444 913 1648 970 forsan
1678 922 1911 991 poterat
1942 915 2203 971 retineri.

884 1005 1027 1063 617.
1118 1000 1400 1075 vegetius
1426 1002 1463 1061 3
1494 1000 1579 1061 24
1623 1001 1709 1054 ait
1740 996 1988 1054 tribulos
2031 1018 2160 1057 esse
2190 999 2326 1057 illos
2357 999 2632 1057 stimulos
2656 999 2894 1074 ferreos,

713 1089 818 1167 qui
854 1088 918 1143 in
957 1084 1116 1141 bello
1164 1082 1447 1142 adversus
1491 1085 1826 1162 equitatum
1868 1086 2070 1161 spargi
2117 1084 2342 1157 solent,
2402 1085 2469 1140 in
2502 1082 2896 1164 quodcunque

709 1174 867 1230 latus
902 1170 1312 1241 incubuerint,
1356 1169 1642 1226 infestum
1668 1187 1906 1246 semper
1932 1170 2206 1225 aculeum
2234 1167 2675 1247 protendentes.
2724 1174 2888 1250 Virg.

720 1258 940 1335 Geor-g.
980 1261 1010 1319 1
1050 1255 1177 1319 264
1208 1264 1267 1310 et
1302 1258 1344 1315 2
1379 1257 1501 1315 379
1537 1255 1790 1331 pariter:
1816 1252 2158 1332 furcasque
2182 1253 2462 1311 bloomes.

877 1342 1022 1405 619.
1113 1340 1237 1398 cio.
1276 1337 1350 1397 de
1378 1339 1577 1397 Orat.:
1623 1339 1692 1396 id
1719 1338 1883 1418 quod
1908 1338 2087 1408 dicit,
2128 1341 2369 1416 spir-du,
2411 1360 2528 1398 non
2553 1351 2683 1398 arte
2707 1341 2901 1400 deter-

710 1430 922 1485 minat.

880 1507 1025 1578 624.
1114 1511 1278 1587 virg.
1321 1507 1484 1566 Aen.
1533 1507 1574 1573 5
1617 1507 1778 1571 511:
1850 1509 2184 1588 tristemque
2234 1509 2345 1568 hoc
2393 1511 2520 1587 ipso
2579 1513 2645 1569 in
2703 1511 2904 1569 littore

701 1617 1002 1677 Pugmm·

880 1684 1021 1745 626.
1113 1678 1190 1735 cf.
1234 1677 1506 1734 delaud.
1548 1679 1759 1741 8381.

879 1767 1023 1827 630.
1114 1764 1277 1838 Virg.
1320 1762 1538 1839 Geor-g·
1562 1765 1605 1824 2
1634 1761 1711 1825 41
1726 1763 1792 1820 1:
1839 1761 2209 1838 complentur
2229 1761 2533 1842 vallesque
2559 1785 2743 1822 cavae
2767 1767 2896 1823 sal-

711 1864 921 1930 tusque
937 1845 1255 1925 profundi.

878 1937 1021 1999 633.
1114 1930 1319 1987 multos
1347 1950 1487 1987 cum
1516 1927 1759 1987 milibus
1794 1929 1958 2007 Virg.
2003 1928 2167 1987 Aen.
2201 1929 2347 1997 575
2390 1942 2450 1990 et
2478 1936 2625 1999 289.
2717 1946 2773 1994 et
2814 1942 2894 2001 12

704 2020 971 2086 45621'n
1000 2015 1276 2073 adversos
1307 2014 1516 2071 ductor
1538 2014 1857 2073 Rhoeteius
1886 2014 2097 2072 bootes.

873 2107 1018 2167 684.
1110 2101 1357 2158 fortasse
1385 2099 1757 2157 Hiedreasen
1785 2097 1947 2156 idem
1971 2109 2060 2156 est
2085 2119 2153 2156 ac
2175 2100 2279 2156 ille
2311 2100 2644 2162 Eedilaaan
2670 2105 2768 2161 vel
2793 2104 2893 2160 Is-

704 2189 947 2247 dilcaean
975 2189 1320 2244 Maurorum
1345 2188 1623 2263 princeps
1659 2188 1724 2242 in
1757 2186 2057 2242 Romanos
2085 2184 2361 2261 rebellis,
2419 2189 2587 2246 cuius
2617 2190 2890 2247 meminit

703 2275 1030 2352 Procopius
1056 2271 1129 2329 de
1152 2270 1303 2329 bello
1337 2270 1537 2328 Vand.
1573 2274 1614 2333 2
1643 2274 1720 2333 10
1751 2279 1810 2327 et
1841 2274 1937 2333 12.

869 2360 1012 2423 639.
1103 2376 1197 2414 ms
1243 2357 1557 2415 caraman.
1650 2353 1758 2413 sed
1796 2355 2048 2413 fortasse
2091 2357 2306 2414 rectius
2351 2366 2441 2415 est
2468 2356 2696 2434 5143,
2742 2361 2887 2434 217,

702 2444 861 2520 551,
908 2452 967 2500 et
992 2445 1031 2503 6
1060 2440 1218 2514 295,
1266 2441 1423 2513 505,
1469 2440 1593 2503 513
1621 2448 1681 2496 et
1705 2440 1851 2502 517.

868 2529 1014 2592 642.
1100 2526 1437 2605 Iutungun]
1486 2522 1600 2582 hoc
1645 2544 1866 2581 nomen
1917 2534 2008 2583 est
2047 2524 2224 2583 valde
2268 2524 2516 2584 dubium
2559 2528 2623 2584 in
2662 2524 2886 2605 codiee,

698 2616 804 2674 ubi
829 2615 1031 2694 legere
1057 2631 1299 2691 possem
1326 2614 1509 2669 etiam
1535 2613 1902 2690 iuctungun,
1946 2609 2110 2692 quod
2143 2623 2502 2692 repugnaret
2535 2624 2726 2673 metro
2745 2658 2762 2689 ,
2826 2626 2888 2674 et

696 2712 1049 2849 mmai?
1097 2784 1337 2863 iamque
1354 2780 1856 2861 propinquabant
1881 2782 2046 2860 Virg.
2074 2781 2239 2839 Aen.
2282 2781 2322 2845 5
2360 2782 2510 2857 159,
2577 2787 2617 2847 9
2655 2787 2775 2848 371
2824 2795 2887 2843 et

700 2872 778 2932 11
824 2873 1159 3016 6646-7.
1243 2953 1409 3027 virg.
1450 2953 1614 3007 Aen.
1673 2952 1748 3012 12
1798 2948 1959 3014 415.
2023 2949 2290 3008 volucres
2322 2950 2560 3010 haesere
2599 2955 2882 3033 negatae,

697 3047 758 3097 et
782 3036 821 3102 5
851 3037 1008 3101 501.
1058 3035 1411 3111 depromunt
1437 3035 1554 3091 tela
1578 3032 1897 3110 pharetris.

868 3124 1012 3188 651.
1092 3118 1560 3196 Virg.Aen.11
1602 3122 1767 3183 600.
1818 3129 1876 3175 et
1888 3121 2115 3196 pressis
2138 3131 2381 3199 pugnat
2404 3119 2671 3180 habente.
2758 3124 2881 3181 nisi

694 3208 871 3264 malis
904 3208 1105 3282 legere
1128 3204 1370 3281 prensis
1401 3223 1508 3281 pro
1540 3205 1791 3281 pres-3123,
1845 3215 1913 3262 ut
1954 3205 2037 3264 ib.
2077 3207 2234 3268 719:
2274 3206 2592 3287 frenisque
2624 3208 2881 3266 adversa

682 3290 1012 3367 prehensis.

863 3377 1008 3442 655.
1076 3375 1285 3454 set-tur
1310 3396 1456 3455 equo
1483 3376 1648 3455 Virg.
1679 3373 1842 3432 Aen.
1879 3377 1956 3438 11
1990 3379 2136 3445 730.

860 3464 1005 3530 659.
1091 3464 1257 3539 Virg.
1289 3462 1454 3520 Aen.
1501 3466 1530 3523 1
1569 3461 1728 3525 410:
1769 3460 2243 3541 talisugientem
2268 3472 2355 3520 est
2382 3482 2521 3521 voce
2549 3473 2804 3521 secum.

859 3547 1004 3612 665.
1091 3549 1255 3625 Virg.
1287 3551 1450 3605 Aen.
1491 3551 1567 3609 10
1599 3549 1720 3610 769
1740 3564 1759 3603 z
1801 3567 2036 3625 seseque
2061 3549 2383 3605 immiscuit
2409 3549 2614 3606 amuis.

857 3634 1003 3699 669.
1092 3631 1168 3691 de
1198 3636 1525 3711 quantitate
1559 3631 1875 3690 Ammonii
1895 3630 2032 3690 vide
2064 3653 2243 3712 supra
2268 3631 2347 3690 ad
2368 3636 2406 3694 3
2435 3634 2539 3695 81.
2612 3652 2717 3711 pro
2748 3652 2871 3688 nw-

689 3719 846 3774 mine
874 3715 1068 3777 codex
1092 3717 1274 3776 habet
1301 3721 1570 3787 munine,
1615 3726 1674 3774 et
1698 3715 1771 3775 de
1812 3717 2031 3774 Gurza
2055 3717 2192 3776 vide
2228 3729 2433 3776 notam
2461 3717 2540 3775 ad
2564 3722 2605 3779 2
2640 3718 2780 3781 109.

854 3802 998 3868 674.
1083 3802 1251 3861 vides
1300 3823 1398 3861 me
1442 3801 1727 3861 adiecisse
1775 3801 1929 3873 sub,
1986 3813 2053 3861 ut
2095 3823 2338 3862 versum
2382 3822 2688 3875 sanarem,
2752 3821 2869 3858 ex-

684 3888 886 3965 emplo
917 3892 1172 3947 auctoris
1199 3891 1418 3964 nostri,
1477 3890 1580 3969 qui
1614 3885 1731 3946 hoc
1761 3888 1913 3946 libro
1942 3908 2004 3948 v·
2035 3889 2158 3953 759
2200 3891 2266 3947 in
2307 3888 2424 3947 fine
2450 3907 2656 3949 versus
2686 3883 2872 3944 habet

686 3973 920 4048 confixa
945 3973 1056 4031 sub
1088 3995 1276 4031 armo.

853 4062 996 4121 676.
1078 4063 1314 4117 Lucret.
1350 4056 1390 4121 5
1432 4004 1626 4120 1085·
1669 4060 2012 4116 raucisonos
2039 4069 2271 4116 eantzoe.

851 4147 994 4208 677.
1080 4146 1243 4223 Virg.
1276 4144 1439 4201 Aen.
1489 4144 1527 4203 9
1567 4142 1723 4205 566·
1783 4144 2046 4222 undique
2093 4143 2320 4202 clamor
2359 4142 2613 4213 tollitur,
2672 4151 2733 4199 et
2786 4145 2858 4205 11

680 4227 804 4294 745
831 4239 1011 4308 atque
1044 4230 1124 4294 12
1150 4228 1305 4292 462:
1351 4226 1579 4285 tollant
1608 4228 1676 4282 in
1702 4229 1935 4286 caelum
1965 4228 2209 4286 clamor.

846 4315 990 4380 681.
1086 4314 1345 4393 διἠιΥενο
1393 4321 1481 4373 est
1529 4330 1753 4370 nomen
1808 4313 2056 4372 fortasse
2108 4315 2357 4374 alicuius
2389 4313 2655 4371 numinis
2687 4310 2870 4367 Mau-⁷
2927 4353 2946 4363 -

683 4417 902 4460 ΙὈῙῚΗῙῙ.
