3210 5200
612 392 755 465 172
1214 393 1549 463 comPPI
1596 396 1711 462 DE
1761 397 2170 465 LAUDIBUS

773 559 1039 618 cinxerat
1074 569 1252 640 atque
1279 561 1461 620 armis
1489 570 1675 620 totam
1702 561 2054 623 caelestibus
2086 563 2332 623 aulam?

770 665 972 720 omnia
1002 662 1324 741 disponens
1342 707 1360 737 ,
1402 666 1660 722 munivit
1685 663 1969 744 providus
2003 685 2201 724 arcem

771 762 1083 838 Tiberius,
1129 762 1355 822 domini
1377 785 1617 844 semper
1642 770 1739 824 cui
1769 771 2034 825 maxima
2071 787 2210 826 cura

768 866 1040 923 utilitatis
1071 876 1196 924 erat
1212 885 1232 924 ε
1276 886 1538 946 namque
1567 871 1744 927 illum
1771 871 2075 928 maximus
2106 870 2266 928 orbis

600 963 725 1028 215
769 969 1099 1025 eommunis
1129 969 1470 1026 benefactor
1482 970 1662 1027 alens
1690 980 1749 1027 et
1778 972 1852 1027 ab
1879 972 2061 1029 ubere
2084 974 2293 1029 matris

770 1070 1099 1146 suscipiens
1124 1072 1333 1148 primis
1360 1087 1618 1149 puerum
1647 1064 1939 1151 praelegit
1970 1075 2042 1131 ab
2067 1077 2259 1146 annis,

768 1180 952 1248 utque
971 1181 1143 1249 pater
1167 1174 1435 1250 genitum
1463 1176 1709 1231 nutrivit
1731 1218 1747 1247 ‚
1791 1175 1975 1249 fovit,
2019 1177 2262 1247 amavit,

767 1272 1176 1353 paulatimque
1207 1277 1400 1333 virum
1425 1296 1661 1335 summa
1684 1279 1750 1334 in
1780 1277 2019 1355 fastigia
2048 1274 2244 1334 duxit.

773 1370 915 1431 hinc
946 1378 1127 1433 etiam
1152 1377 1387 1435 iuvenis
1410 1387 1536 1436 tota
1560 1381 1777 1436 virtute
1801 1379 2078 1436 laborans

604 1473 733 1538 220
770 1495 877 1552 pro
903 1497 1103 1535 rerum
1130 1475 1389 1537 dominis
1421 1482 1687 1539 animam
1715 1484 2018 1560 vitamque
2042 1480 2279 1559 periclis

771 1595 894 1636 non
924 1578 1152 1638 dubitat
1180 1583 1463 1659 praebere
1489 1601 1693 1657 suam,
1745 1584 2103 1663 vigilatque,
2148 1580 2446 1658 fidemque

772 1676 1047 1754 exhibet,
1093 1693 1152 1740 et
1179 1702 1483 1741 summum
1506 1687 1727 1743 meruit
1760 1683 2119 1743 dominantis
2152 1698 2440 1740 amorem.

672 1850 679 1856 ⁵
769 1775 870 1837 hic
901 1782 1052 1841 bene
1086 1787 1345 1863 suscepti
1376 1784 1701 1864 primordia
1723 1804 2006 1866 prospera
2035 1786 2207 1862 regni

770 1879 1022 1943 discreta
1049 1890 1276 1946 ratione
1310 1906 1527 1946 vocans
1553 1906 1871 1966 properare
1888 1932 1904 1962 ‚
1943 1886 2154 1945 fideles

599 1981 723 2045 225
766 1986 1017 2063 urgebat
1048 1990 1308 2048 famulos
1332 2001 1392 2048 et
1418 2000 1629 2047 cuneta
1654 2009 1862 2068 parare
1894 1989 2159 2047 iubebat.

852 2091 1077 2148 Aurato
1105 2093 1332 2150 interea
1361 2110 1574 2170 eorpus
1601 2092 1858 2150 sublime
1887 2093 2106 2149 feretro

765 2188 1114 2268 impositum
1132 2237 1148 2268 ,
1191 2195 1367 2253 turba
1397 2195 1763 2253 famulorum
1793 2196 1970 2253 flente
1989 2238 2006 2267 ,
2047 2193 2316 2269 iacebat3

764 2304 827 2352 et
854 2296 1103 2354 flentum
1129 2299 1394 2355 lacrimis
1412 2298 1604 2354 iustus
1631 2294 1802 2354 dolor
1826 2316 1927 2355 ora
1951 2296 2203 2374 rigabat.

763 2398 939 2456 arbor
964 2400 1051 2455 uti
1076 2396 1294 2457 mediis
1313 2442 1329 2472 ,
1374 2399 1589 2456 avibus
1613 2400 1948 2477 gratissima
1963 2441 1979 2473 ‚
2021 2398 2248 2477 campis

593 2500 720 2562 280
762 2503 936 2558 annis
963 2502 1120 2558 victa
1148 2498 1367 2559 cadens
1398 2503 1715 2582 antiquum
1742 2500 1922 2558 robur
1949 2502 2152 2579 opacis

758 2614 955 2661 servat
980 2600 1177 2662 adhuc
1201 2605 1394 2680 foliis,
1441 2614 1501 2662 et
1528 2621 1776 2681 corpore
1804 2602 1936 2661 fusa
1962 2606 2177 2682 supino

761 2704 1048 2784 languida
1078 2727 1188 2785 per
1218 2707 1372 2765 latas
1404 2705 1696 2784 expandit
1725 2702 1970 2763 brachia
1995 2716 2216 2763 terras:

765 2819 825 2866 at
855 2812 1079 2866 circum
1104 2809 1782 2887 querulaewvolitantque
1811 2805 2138 2886 sedentque
2167 2807 2457 2883 volucreS,

765 2920 1216 2988 maerentesque
1242 2908 1445 2967 dolent
1467 2907 1674 2966 sedem
1697 2907 1982 2965 cecidisse
2005 2909 2283 2984 priorem,

598 3007 723 3073 285
766 3022 826 3068 et
856 3008 1193 3090 quaerenda
1220 3014 1390 3068 novis
1423 3009 1598 3066 arbor
1626 3010 1823 3087 placet
1846 3009 2033 3065 altera
2064 3006 2259 3066 nidis:

766 3117 854 3173 sic
879 3131 1156 3192 suprema
1186 3131 1329 3170 suae
1356 3126 1600 3170 servans
1626 3112 1881 3188 insignia
1914 3113 2072 3167 vitae

765 3217 1126 3275 lastinianus
1154 3223 1313 3287 erat,
1357 3233 1477 3271 non
1506 3222 1745 3271 mutans
1778 3223 1967 3271 morte
1998 3213 2278 3287 colorem,

763 3314 873 3376 sed
900 3317 1075 3375 solito
1107 3313 1361 3373 candore
1387 3319 1607 3374 nitens.
1694 3314 1856 3395 quod
1883 3317 2090 3373 vicerit
2120 3317 2347 3394 orbem,

761 3439 923 3478 mors
945 3417 1283 3476 veneranda
1311 3420 1423 3476 viri
1450 3419 1638 3497 signis
1661 3421 2012 3477 monstravit
2041 3422 2282 3497 apertis.

592 3519 718 3587 240
756 3524 887 3601 ipse
917 3518 1230 3579 videbatur
1255 3523 1480 3579 cunctis
1503 3521 1926 3600 plangentibus
1954 3540 2111 3580 unus

761 3626 959 3703 effigie
982 3624 1242 3705 gaudere
1269 3629 1370 3705 pia
1388 3669 1405 3699 ,
1450 3622 1787 3681 diademate
1809 3633 2078 3701 comptus

755 3748 1169 3809 purpureaque
1199 3731 1264 3787 iu
1290 3738 1455 3789 veste
1482 3729 1681 3785 iacens
1700 3770 1716 3801 ‚
1760 3727 2128 3806 requiescere
2157 3744 2366 3783 somno

761 3828 1000 3889 credere
1036 3830 1200 3912 quod
1229 3832 1449 3909 possis,
1493 3849 1615 3886 non
1650 3827 1796 3886 duro
1818 3829 2064 3901 funere,
2108 3847 2342 3906 corpus.

758 3930 955 4007 haud,
1001 3955 1151 4008 reor,
1195 3934 1492 3991 immerito
1520 3934 1608 3990 sic
1640 3932 1833 3989 laetus
1859 3940 1917 3988 et
1942 3949 2043 3988 ore
2071 3930 2364 4008 benig-nus

591 4032 715 4100 245
757 4038 862 4094 ille
891 4037 1042 4095 foret
1065 4040 1358 4110 moriens,
1401 4036 1518 4091 nisi
1546 4051 1720 4090 mens
1745 4033 1862 4091 sibi
1894 4034 2125 4090 conscia
2156 4035 2302 4090 recti

760 4144 823 4200 in
854 4142 1086 4199 caelum
1113 4156 1434 4217 properans
1458 4154 1697 4194 securos
1728 4136 2024 4214 linqueret
2052 4144 2212 4192 artus

764 4256 826 4303 et
856 4255 1051 4303 tutum
1077 4243 1393 4319 imperinm
1422 4239 1654 4296 firmato
1680 4236 1898 4296 herede
1921 4237 2165 4293 locaret.

850 4350 983 4405 Huc
1010 4344 1114 4402 nbi
1145 4344 1561 4419 magnanimus
1595 4361 1759 4401 saera
1789 4356 1928 4399 cum
1959 4340 2209 4419 coniuge
2236 4339 2418 4413 venit,
