3210 5200
1009 391 1125 459 DE
1172 390 1584 461 LAUDIBUS
1634 392 1966 466 ussum.
2424 400 2470 472 3
2483 401 2573 473 15

395 562 639 648 quidem
685 557 849 641 apud
879 555 1139 618 etmdem
1166 560 1502 620 Vitruvium
1529 558 1572 625 5
1608 563 1687 625 12
1733 563 1889 621 recte
1930 559 2153 623 habent
2188 563 2574 629 membranae

391 647 739 709 Philandri=
798 650 863 704 at
893 664 1019 703 non
1047 646 1191 703 satis
1217 645 1371 704 bene
1409 647 1517 704 ille
1555 646 1806 717 vincula
1837 651 2131 727 exposuit.
2217 653 2573 712 contrarium

389 746 557 815 puto.
641 740 843 811 potest
877 741 937 789 et
972 727 1140 789 idem
1182 749 1311 789 esse
1346 731 1668 790 terminum
1707 731 2097 791 subcumbam
2129 736 2195 792 in
2225 735 2575 813 fragmentis

389 820 620 878 Latinis
637 817 723 875 ‘de
751 817 1077 876 Terminis.
1125 834 1243 896 quo
1269 816 1400 874 loco
1428 825 1649 892 tamen,
1694 836 1833 875 cum
1853 819 2128 877 Termini
2154 819 2380 897 effigies
2407 841 2575 901 cym-

390 906 532 963 bam
564 903 801 976 referat,
845 902 1113 979 suspicer
1135 897 1524 979 subeymbum
1548 899 1894 979 legendum,
1951 922 2073 962 non
2112 904 2382 963 obstante
2460 905 2579 965 uod

388 1008 605 1068 parum
635 988 852 1046 Latina
873 995 983 1067 :aut
1013 980 1253 1064 elegans
1276 1004 1400 1044 vox
1423 987 1519 1061 sit,
1563 986 1983 1067 satisfaciente,
2029 974 2192 1069 quod
2217 1010 2450 1070 τεχνικη
2477 993 2576 1048 in-

389 1076 683 1135 veniatur.
768 1071 997 1130 faciunt
1027 1066 1147 1128 huc
1190 1079 1249 1127 et
1286 1073 1514 1128 attinae
1551 1065 1786 1151 lapides
1826 1071 1904 1130 ad
1932 1069 2342 1153 sustinendam
2372 1094 2576 1133 mace-

391 1160 547 1217 riam
573 1152 926 1244 interpositi,
970 1155 1043 1212 ab
1075 1153 1376 1213 attinendo
1406 1150 1569 1214 dicti.
1613 1154 1774 1215 unde
1805 1159 2032 1216 altinae
2058 1159 2351 1241 maceriae
2374 1156 2578 1240 lapide
2682 1196 2702 1216 .

389 1232 657 1321 lapidem
700 1243 1022 1299 sustinente
1066 1249 1414 1317 congestae,
1463 1237 1626 1320 apud
1652 1238 1925 1302 Siculum
1950 1238 2249 1303 Flaccum.
2293 1246 2386 1304 In.
2472 1244 2577 1302 de-

388 1324 868 1399 stinanterbum
891 1326 1100 1399 rarius,
1141 1321 1497 1404 nihil‘aliud
1528 1345 1710 1406 quam
1724 1326 2010 1405 fulcrum
2038 1328 2349 1409 significat.
2434 1330 2575 1388 abs-

389 1432 508 1494 que
533 1410 854 1470 Braulione
881 1410 947 1467 in
973 1410 1098 1466 vita
1127 1404 1344 1467 Isidori
1384 1419 1445 1467 et
1481 1422 1875 1487 monstratore
1904 1400 2147 1473 Perezio
2179 1415 2302 1470 iam
2330 1409 2432 1471 hic
2464 1433 2573 1492 pro

386 1498 619 1556 destina
653 1490 891 1552 dextera
930 1493 1264 1572 legeretur,
1324 1484 1612 1554 beneficio
1646 1486 1843 1554 Ruizii
1862 1539 1879 1571 ,
1937 1498 2044 1578 qui
2082 1486 2284 1577 locum
2329 1500 2572 1557 omnino

386 1584 674 1642 vitiosum
714 1599 844 1638 esse
875 1577 1185 1653 credebat,
1249 1587 1317 1636 ut
1341 1579 1470 1657 ipse
1494 1581 1755 1659 ingenue
1779 1580 2019 1642 fatetur.
2100 1581 2209 1641 sed
2232 1585 2573 1642 meminisse

389 1665 677 1725 debemus
705 1656 889 1723 etiam
912 1658 1220 1722 Atlantem
1257 1663 1563 1722 tibicinem
1597 1675 1656 1723 et
1692 1666 1986 1724 destinam
2014 1656 2165 1726 caeli
2198 1667 2573 1745 elegantissi-

387 1771 489 1810 me
515 1750 715 1810 vocari
753 1749 827 1806 ab
859 1748 1119 1807 Arnobio
1163 1738 1398 1807 advers.
1439 1759 1602 1828 gent.
1630 1754 1693 1813 2.
1778 1745 1995 1809 horum
2031 1755 2216 1835 igitur
2239 1754 2572 1811 imitatione

390 1847 452 1894 et
478 1835 648 1893 nobis
677 1832 908 1892 destina
947 1834 1116 1913 regni
1152 1836 1415 1894 nutantis
1451 1842 1700 1894 venuste
1728 1830 1957 1894 dicetur
1982 1837 2078 1896 vel
2107 1857 2218 1896 rex
2247 1838 2346 1897 vel
2376 1840 2572 1896 consi-

389 1922 597 1979 liarius
625 1921 844 1998 regius,
888 1920 993 1999 qui
1026 1920 1371 1977 auctoritate
1402 1921 1696 1998 sapientia
1721 1916 1966 1979 consilio
1992 1940 2062 1979 ac
2088 1915 2297 1980 robore
2319 1941 2571 2001 regnum

389 1998 697 2064 labascens
729 2005 1075 2065 statuminat
1104 2003 1277 2062 fulcit
1305 2022 1375 2062 ac
1395 2014 1718 2079 sustentat,
1761 2024 1839 2061 ne
1869 2015 2118 2065 corruat.
2160 2009 2347 2065 Rrr'r.
2389 2027 2571 2086 prae-

389 2101 482 2150 ter
510 2080 896 2148 Braulionem
924 2098 983 2147 et
1013 2086 1347 2146 Arnobium
1377 2076 1467 2161 =ab
1509 2088 1646 2148 aliis
1688 2088 1892 2148 citatos
1935 2092 2122 2149 utitur
2160 2111 2306 2152 voce
2340 2092 2573 2150 destina

388 2172 456 2235 S.
485 2168 833 2255 Fulgentius
863 2164 937 2232 de
968 2173 1267 2252 coniugali
1295 2160 1494 2233 debito
1518 2168 1553 2254 §
1587 2176 1662 2235 1:
1708 2177 1939 2252 parieti
1968 2175 2256 2255 inclinato
2278 2175 2348 2232 ‘et
2372 2196 2571 2234 mace-

387 2263 514 2318 riae
536 2259 833 2339 impulsae
856 2279 977 2317 non
1002 2250 1263 2337 neglexit
1288 2252 1490 2315 doctor
1516 2261 1789 2338 egregius
1810 2258 2225 2319 consolationis
2252 2254 2574 2333 destinam,

403 2345 634 2405 Clu-isto
661 2344 728 2401 in
748 2363 811 2400 se
839 2342 1137 2421 loquente,
1183 2363 1531 2420 supponere.
1619 2337 1818 2403 Foco.
2092 2414 2095 2417 Ι
2140 2364 2144 2371 ·
2246 2392 2247 2397 ,

386 2418 408 2428 ’
559 2426 664 2492 21.
749 2422 1044 2507 consiliis]
1112 2424 1229 2485 hoc
1274 2437 1363 2486 est
1402 2411 1723 2506 sagacitate
1738 2461 1757 2506 5
1825 2408 2163 2508 prudentia.
2246 2416 2529 2490 Sidonius
2551 2449 2572 2490 3

388 2515 622 2592 stupuit
660 2512 882 2590 primis
935 2532 1000 2595 se
1062 2509 1334 2591 Parthus
1388 2513 1457 2569 in
1509 2514 1691 2591 annis
1748 2504 2061 2572 consilium
2106 2534 2228 2572 non
2264 2513 2441 2595 serre
2481 2536 2577 2581 se·-

391 2602 509 2658 m’s.
599 2596 898 2657 Arnobius
938 2594 1011 2662 7:
1071 2594 1178 2655 ubi
1215 2594 1318 2655 bos
1354 2593 1579 2677 aliquis
1617 2597 1822 2657 Iovem
1860 2597 2216 2679 alloquitur,
2282 2623 2368 2661 an
2416 2600 2582 2681 quod

389 2680 631 2764 animal
656 2682 776 2741 vile
800 2703 960 2753 sum,
1003 2687 1112 2740 ne'c
1138 2681 1389 2741 rationis
1412 2703 1521 2740 nec
1552 2673 1789 2742 consilii
1797 2688 2132 2764 particeps,
2189 2686 2577 2766 quemadmo-

390 2769 541 2844 dum
558 2769 964 2846 pronuntiant
994 2768 1098 2825 isti
1135 2768 1248 2846 qui
1281 2787 1343 2824 se
1367 2761 1634 2825 homines
1658 2767 1884 2830 dicunt.
1974 2772 2254 2830 Aurelius
2284 2763 2484 2833 Victor
2509 2772 2575 2829 in

391 2853 735 2934 Originibus
767 2839 976 2910 Roma
1037 2849 1212 2910 tanta
1253 2872 1442 2932 usque
1487 2852 1560 2911 id
1593 2863 1823 2933 tempus
1861 2859 2247 2937 antiquorum
2267 2856 2575 2915 hominum

390 2937 868 3017 uffarswse
893 2936 1273 3014 simplicitas,
1325 2947 1397 2995 ut
1424 2939 1720 2997 venimtes
1742 2939 1832 2998 ad
1850 2962 1912 2999 se
1931 2942 2224 3014 advenas,
2267 2944 2375 3022 qui
2402 2940 2576 3001 modo

388 3023 635 3085 consilio
664 3033 721 3080 et
747 3024 1040 3102 sapientia
1056 3019 1328 3100 praediti
1347 3022 1439 3082 ad
1458 3023 1871 3083 instruendam
1897 3028 2086 3087 vitam
2095 3027 2576 3108 formandosque

390 3125 578 3190 mores
604 3106 848 3188 aliquid
869 3107 1225 3186 conferrent,
1269 3104 1435 3166 caelo
1469 3120 1527 3166 et
1550 3120 1711 3169 terra
1738 3111 1924 3170 editos·
1944 3112 2259 3170 crederent.
2319 3115 2572 3172 Butra-

388 3197 677 3253 nimirum
714 3193 905 3252 multo
930 3201 1193 3271 praestat
1222 3212 1294 3250 ac
1320 3195 1506 3253 satius
1533 3205 1626 3254 est
1653 3197 1900 3256 consilio
1929 3216 2110 3278 quam
2133 3198 2313 3255 armis
2342 3197 2572 3256 bellum

395 3279 714 3354 conficere,
769 3297 894 3337 non
932 3275 1112 3336 modo
1129 3321 1149 3354 ‚
1222 3267 1388 3357 quod
1426 3281 1718 3338 maiorem
1757 3291 2098 3356 mereantur
2131 3269 2376 3341 laudem
2412 3283 2571 3341 vires

396 3365 585 3442 animi
623 3382 807 3445 quam
847 3364 1139 3442 corporis,
1195 3370 1263 3418 ut
1305 3359 1384 3419 ad
1412 3364 1751 3442 Oppianum
1787 3363 1995 3442 docui,
2052 3364 2161 3427 sed
2202 3370 2385 3426 etiam
2408 3363 2574 3449 quod

395 3448 662 3528 plurium
685 3447 863 3507 saluti
888 3447 1233 3507 mortalium
1254 3437 1361 3504 illa
1383 3464 1564 3527 quam
1588 3445 1705 3506 hac
1731 3452 1957 3508 ratione
1985 3453 2343 3510 consulatur.
2386 3455 2576 3510 Rrr‘r.

566 3535 673 3595 22.
755 3533 1053 3611 Magnus.
1140 3531 1524 3590 Marcellinus
1583 3533 1796 3592 Comes
1860 3525 2149 3604 Chronico
2197 3533 2414 3592 Indict.
2459 3537 2575 3597 10:

396 3618 712 3698 Hypatius
740 3617 1063 3696 Pompeius
1099 3627 1158 3675 et
1182 3609 1444 3687 Probus,
1491 3625 1709 3696 genere
1739 3616 2097 3690 consobrini,
2146 3618 2278 3677 divi
2298 3619 2578 3678 Anasta-

394 3706 476 3761 sii
497 3711 753 3783 nepotes.
844 3713 906 3761 et
932 3704 1335 3762 innominatus
1365 3698 1850 3783 chronographus
1879 3699 2233 3782 Pompeium
2271 3704 2578 3763 consulem

393 3789 541 3847 facit
564 3789 795 3848 Avieno
823 3787 1088 3868 collega,
1145 3788 1254 3847 sub
1285 3788 1599 3847 Anastasio
1624 3790 1913 3869 principe.
1999 3809 2079 3848 ex
2108 3789 2323 3870 quibus
2350 3799 2578 3848 certum

398 3884 491 3932 est
517 3876 698 3932 etiam
721 3870 837 3932 hoc
863 3891 1010 3934 aevo
1040 3873 1271 3933 illustre
1295 3873 1481 3952 fuisse
1511 3876 1938 3954 Pompeiorum
1964 3884 2237 3950 stemma,
2282 3876 2447 3934 cuius
2475 3875 2577 3933 fa·-

397 3958 603 4015 miliae
642 3951 1016 4036 gentilicium
1060 3963 1519 4038 cognomentum
1559 3959 1677 4018 fuit
1712 3960 2011 4042 Magnus.
2101 3960 2347 4021 Sueton.
2382 3960 2576 4038 Galig.

399 4041 518 4103 35:
563 4043 1158 4120 vetemsanuliawum
1193 4046 1460 4122 imigm'a
1483 4043 1847 4104 nobilissimo
1876 4047 2089 4125 cuique
2117 4046 2365 4119 ademit,
2428 4045 2578 4104 Tor-'-

400 4136 584 4203 quatu
606 4137 896 4207 torquem,
931 4130 1283 4189 cincinnato
1310 4130 1558 4201 crinem,
1595 4131 1707 4189 Cn.
1744 4133 2029 4209 Pompeio
2057 4134 2258 4210 stirpis
2292 4133 2577 4210 antiquae

398 4205 633 4288 Magni
650 4230 993 4292 cognomen.
1080 4217 1202 4275 scio
1228 4213 1695 4275 eruditissimum
1716 4217 2082 4276 Savaronem
2103 4219 2393 4299 Magnum
2416 4213 2589 4272 hunc.

398 4312 614 4353 vocare
637 4298 924 4374 gentilem
946 4300 1152 4379 Magni
1173 4300 1386 4380 Felicis
1400 4341 1418 4376 ‚
1476 4300 1555 4358 ad
1588 4319 1772 4383 quem
1817 4311 1909 4360 est
1947 4320 2185 4361 carmen
2214 4301 2254 4366 9
2296 4298 2529 4362 Sidonii
2553 4312 2573 4353 3

398 4376 511 4438 sed
546 4371 868 4461 Pompeiae
911 4386 1107 4467 gentis
1144 4403 1473 4466 cognomen
1508 4383 1643 4479 hoc*
1666 4406 1790 4449 non
1827 4387 1971 4468 legi.
2027 4391 2310 4449 Drms‘r.
2393 4381 2572 4444 huius
