3210 5200
582 372 621 443 1
637 370 672 442 1
682 371 731 443 6
1511 362 1847 439 comPPI

748 536 989 618 longius
1012 541 1243 614 optatas
1271 528 1519 596 cernens
1550 555 1702 614 grex
1730 526 2039 615 improbus
2066 528 2284 592 herbas
2315 520 2324 527 ⁶

583 635 712 706 865
756 638 1059 719 (pulsabat
1076 655 1219 693 nam
1250 632 1399 694 dura
1424 638 1645 717 fames)
1678 636 1953 697 discurrit
1983 640 2042 692 et
2066 655 2272 694 omues

754 736 954 797 tundit
980 738 1203 819 ubique
1227 739 1417 796 locos:
1460 735 1652 796 nudas
1678 740 1802 795 iam
1825 738 2038 796 lambit
2059 755 2288 795 arenas.

753 857 868 896 nec
893 840 1086 918 potuit
1114 840 1329 897 satiare
1362 838 1620 914 famem,
1663 840 1825 896 mala
1851 842 2121 918 gramina
2147 850 2351 919 pastus
2373 882 2390 912 ,

757 938 1130 1021 quadrupes:
1172 942 1317 1019 ipsis
1340 959 1483 997 nam
1515 939 1729 997 cecidit
1756 940 2146 999 densissimus
2179 944 2335 999 arvis

756 1050 949 1099 morte
972 1061 1159 1117 nova,
1206 1061 1483 1121 pressans
1511 1040 1728 1120 gelidis
1763 1042 1873 1100 sub
1908 1041 2184 1101 dentibus
2209 1040 2448 1101 herbas.

591 1142 719 1207 860
757 1142 968 1201 sunere
999 1142 1389 1222 cornipedum
1414 1144 1600 1202 fracta
1629 1154 1718 1202 est
1743 1147 2010 1203 Romana
2041 1132 2339 1204 iuventus.

761 1245 1019 1305 concidit
1045 1248 1135 1304 ira
1159 1247 1368 1305 ferox:
1412 1248 1460 1303 it
1487 1247 1673 1305 tristis
1704 1257 1763 1304 et
1792 1247 2009 1304 anxins
2036 1248 2232 1304 omnis

712 1332 719 1339 ²
758 1350 971 1422 miles,
1017 1358 1077 1407 et
1110 1350 1385 1428 ingentes
1417 1347 1768 1405 conturbant
1794 1337 2033 1427 pectora
2064 1362 2261 1406 curae.

760 1451 982 1509 corruit
1001 1445 1120 1507 hoc
1144 1470 1266 1509 uno
1295 1451 1555 1507 nimimu
1585 1453 1897 1509 conterrita
1926 1468 2066 1507 casu

765 1550 951 1609 virtus
979 1570 1201 1629 magna
1228 1552 1445 1608 virum.
1532 1553 1728 1630 primo
1757 1562 1897 1609 tune
1927 1561 2114 1609 castra
2143 1550 2400 1608 tumultu

592 1646 718 1713 865
758 1651 1017 1710 turbavit
1041 1652 1279 1710 fortuna
1307 1669 1527 1709 nocens
1551 1669 1569 1707 t
1615 1649 1732 1709 hoc
1759 1649 2022 1731 pondere
2053 1655 2292 1731 pressit·-

851 1751 1014 1813 vidit
1038 1762 1104 1810 ut
1125 1749 1226 1809 hic
1255 1748 1465 1810 ductor
1487 1763 1715 1811 tantam
1742 1757 2010 1812 evenisse
2043 1755 2280 1811 ruinam

768 1862 829 1911 et
855 1855 1013 1914 vires
1040 1855 1329 1912 minuisse
1361 1856 1518 1927 suis,
1563 1852 1644 1911 ad
1670 1855 1860 1913 litoris
1889 1873 2022 1912 oras

767 1965 956 2013 castra
983 1976 1234 2015 movens
1263 1959 1490 2036 pergit,
1537 1956 1783 2034 cupiens
1809 1957 2075 2014 relevare
2110 1950 2379 2014 dolentes

770 2068 832 2117 et
854 2077 1126 2136 reparare
1152 2060 1331 2116 viros.
1417 2058 1661 2116 facilem
1685 2061 1928 2138 iamque
1963 2064 2098 2117 aera
2128 2058 2309 2115 sentit

602 2157 729 2220 870
768 2159 977 2234 miles,
1023 2170 1082 2219 et
1118 2162 1477 2240 appropians
1508 2160 1724 2217 vitales
1746 2162 1975 2218 invenit
2003 2144 2241 2233 herbas,

775 2258 1022 2320 flumina
1052 2263 1219 2320 nulla
1247 2273 1470 2320 tamen.
1555 2263 1728 2320 siccis
1749 2274 1891 2319 tuuc
1920 2261 2194 2320 faucibus
2223 2263 2398 2340 ipsos,

769 2362 1131 2441 impressam
1159 2364 1365 2439 ssores,
1409 2366 1722 2445 succisque
1758 2363 2026 2425 ardentia
2059 2365 2299 2441 tingunt

776 2482 883 2522 ora
908 2469 1111 2541 novis,
1169 2468 1483 2547 epuquue
1508 2466 1735 2525 famem
1762 2465 2158 2525 viridantibus
2188 2464 2473 2544 implent3

779 2585 892 2627 nec
920 2570 1174 2628 tolerare
1210 2578 1458 2651 queunt.
1543 2578 1777 2649 captato
1804 2580 2068 2650 tempore
2097 2568 2289 2627 noctis

609 2666 735 2732 875
777 2670 1077 2730 iuumneri
1110 2670 1396 2730 redeunt:
1443 2674 1548 2730 alii
1576 2692 1845 2751 sparsere
1877 2692 1987 2752 per
2015 2689 2177 2745 arva,

776 2774 998 2852 pabula
1028 2773 1171 2831 dum
1195 2785 1519 2855 quaerum3
1566 2775 1672 2831 alii
1692 2794 1800 2853 pro
1823 2774 2091 2832 fontibus
2120 2781 2352 2846 erraut3

779 2892 960 2931 saeva
988 2876 1182 2934 fames
1211 2878 1359 2934 alios
1396 2874 1689 2933 divertere
1716 2886 1883 2953 terga
1919 2876 2112 2951 coegit
2131 2917 2148 2947 ,

784 2987 1115 3057 cunctaque
1150 2973 1479 3033 destituunt
1504 2979 1831 3054 contempti
1856 2978 2027 3053 signa
2058 2972 2351 3051 magistri.

868 3078 1072 3136 Castra
1100 3079 1257 3135 locat
1286 3073 1496 3133 ductor
1520 3078 1833 3133 monstrati
1861 3076 1938 3134 ad
1964 3078 2227 3135 fluminis
2255 3073 2503 3136 undam.

615 3177 741 3241 880
783 3178 1051 3238 incubuit
1083 3181 1231 3258 ripis
1258 3180 1467 3236 sitiens
1494 3180 1763 3236 Romana
1787 3180 2066 3239 iuventus

786 3290 847 3339 et
872 3279 1117 3362 liquidis
1142 3281 1365 3338 solatur
1395 3282 1589 3361 aquis.
1676 3276 1796 3337 huc
1821 3281 2089 3363 undique
2114 3261 2293 3342 miles

787 3385 1032 3442 confluit
1054 3381 1133 3441 ad
1156 3384 1363 3441 latices
1388 3392 1448 3440 et
1472 3380 1668 3439 dulcia
1694 3384 1938 3441 flumina
1968 3396 2154 3464 potat.

789 3488 963 3566 panis
986 3488 1160 3565 inops
1191 3483 1399 3544 tondet
1429 3486 1600 3544 flores
1629 3483 1964 3567 herbasque
1991 3488 2250 3544 virentes
2268 3504 2287 3543 :

792 3587 888 3650 his
920 3592 1167 3670 cupiunt
1194 3590 1408 3648 satiare
1435 3589 1684 3647 famem.
1771 3587 2052 3647 mandata
2082 3607 2192 3667 per
2224 3589 2399 3647 urbes

623 3690 748 3758 885
791 3693 1035 3753 litoreas
1067 3692 1195 3751 dux
1221 3695 1307 3750 ire
1343 3692 1537 3765 iubet,
1581 3687 1875 3749 deducere
1903 3711 2137 3770 puppes

792 3806 1094 3855 vectantes
1127 3795 1411 3853 alimenta
1445 3795 1589 3851 suis.
1653 3813 1760 3872 pro
1783 3794 1972 3849 tristia
1997 3789 2157 3849 fata!

794 3896 1075 3958 adversos
1110 3879 1373 3956 liabuere
1399 3899 1605 3954 Notos.
1693 3896 1815 3952 fors
1846 3891 1993 3950 dura
2025 3892 2266 3970 negavit

796 4002 1095 4081 puppibus
1124 4019 1447 4083 aequoreas
1476 3999 1627 4057 velis
1659 3999 1909 4055 transire
1936 4016 2045 4075 per
2070 3992 2301 4052 undas:

631 4185 733 4239 369
768 4184 864 4238 iam
889 4201 1036 4239 orrea
1061 4185 1132 4247 T,
1165 4183 1260 4235 iam
1283 4181 1378 4234 iam
1402 4185 1524 4233 aera
1550 4179 1611 4233 M
1759 4179 1862 4234 870
1894 4177 1962 4230 ad
1985 4175 2253 4246 propriane
2282 4177 2334 4229 Τ
2468 4175 2566 4230 371
2605 4169 2731 4241 ipsis
2745 4172 2826 4254 Τ,

631 4253 730 4321 ipsi
754 4255 814 4306 M
971 4254 1074 4309 375
1112 4270 1182 4303 au
1206 4251 1429 4317 fugere?
1466 4247 1525 4302 M
1684 4250 1786 4305 378
1816 4247 2085 4301 distituunt
2106 4245 2330 4299 contenti
2361 4245 2411 4299 Τ
2572 4244 2673 4298 381
2712 4242 2831 4295 hunc

632 4323 774 4391 opud
797 4324 860 4376 M
1061 4322 1163 4376 385
1198 4324 1357 4391 pubes
1386 4320 1443 4373 T.
