3210 5200
1031 432 1562 501 mmmvmos
1613 435 1776 504 LIB.
1825 436 1939 503 111.
2478 413 2590 514 65⁴

552 593 819 677 undique
844 593 1127 677 praecisis
1153 602 1417 660 munitus
1439 602 1715 681 rupibus,
1758 603 1998 682 ingens‚'

553 697 774 758 arduus
803 704 933 781 ipse
959 703 1101 761 licet
1125 722 1482 782 summoque
1508 705 1816 761 cacumine
1845 704 2054 765 ductus
2117 711 2118 714 ’

556 803 847 878 emineat3
893 802 1212 885 densisque
1240 815 1523 881 teguntur
1547 824 1695 862 saxa
1722 806 1965 866 salictis.

386 902 514 967 215
556 923 664 983 per
688 906 830 982 iuga
858 904 1076 965 siderei
1105 887 1284 985 pleno
1315 905 1452 964 cuin
1473 909 1696 964 vertice
1723 909 1920 986 campi
1955 891 1960 896 ²

557 1003 907 1067 funduntur.
992 1012 1088 1068 via
1120 1009 1289 1067 nulla
1317 1017 1515 1086 patet:
1561 1009 1668 1064 vix
1698 1010 1946 1084 semita,
1991 1015 2159 1072 tortis

556 1106 821 1188 undique
849 1110 1034 1169 fracta
1064 1113 1212 1186 viis,
1258 1111 1403 1169 celsi
1428 1110 1669 1189 fastigia
1697 1111 1893 1188 campi

556 1210 683 1267 sola
713 1213 890 1288 capit.
977 1211 1197 1270 densae
1226 1209 1784 1270 claudunturdevia
1815 1212 2024 1270 silvae.

641 1311 937 1371 Hildimer
964 1324 1029 1372 ut
1058 1324 1258 1392 septas
1284 1311 1437 1371 vidit
1462 1314 1795 1370 numimine
1825 1314 2034 1389 fossas,

388 1414 513 1476 220
554 1422 733 1493 atque
762 1416 827 1471 in
855 1413 1201 1494 praecipiti,
1244 1416 1413 1473 nullo
1442 1416 1565 1471 iam
1593 1417 1862 1491 tramite,
1907 1437 2144 1496 pugnae

558 1525 713 1574 stare
744 1517 939 1591 locos,
984 1536 1233 1575 saevum
1259 1518 1458 1574 timuit
1484 1526 1715 1575 tentare
1743 1519 2057 1597 periclum.

556 1628 698 1675 tunc
727 1620 883 1676 acies
910 1621 1166 1699 propriis
1196 1616 1410 1676 densas
1440 1620 1758 1678 consistere
1785 1620 1971 1699 signis

552 1720 683 1799 ipse
712 1723 905 1795 iubet,
948 1730 1147 1799 septos
1180 1717 1397 1779 dubius
1424 1739 1543 1800 qua
1568 1718 1778 1780 tendat
1803 1722 1868 1779 in
1896 1720 2117 1784 hostes.

557 1824 759 1882 omnia
783 1823 1081 1903 perversis
1102 1824 1350 1882 veniunt
1376 1826 1666 1881 contraria
1693 1823 1854 1883 fatis.

389 1925 516 1991 225
558 1947 675 1985 axe
700 1945 978 2006 premens
1007 1923 1275 1983 medium
1299 1922 1579 1984 Phoebus
1601 1928 1730 1983 iam
1754 1924 2035 2004 lampade
2065 1931 2294 1991 caelum

557 2027 824 2088 fervidus
855 2029 1047 2087 omnis
1077 2038 1233 2085 erat:
1277 2029 1448 2086 siccis
1479 2037 1786 2086 exarserat
1813 2026 1991 2086 ardor

556 2131 858 2206 faucibus,
904 2140 964 2189 et
992 2131 1215 2188 nimius
1240 2131 1490 2188 miseros
1520 2125 1922 2187 commoverat
1948 2142 2165 2192 aestus.

558 2235 711 2293 forte
741 2236 871 2293 sitis
900 2230 1193 2314 quosdam
1218 2230 1450 2311 gelidas
1485 2228 1741 2289 deduxit
1771 2229 1849 2288 ad
1877 2230 2091 2293 undas.

558 2347 694 2416 post
722 2346 959 2414 tergum
986 2333 1215 2393 rediere
1242 2331 1390 2392 viri:
1433 2351 1578 2391 nam
1604 2333 1845 2412 longius
1874 2339 2068 2395 amnis

389 2441 517 2505 230
555 2449 699 2497 tunc
732 2438 955 2496 aberat.
1040 2437 1251 2516 plenos
1274 2437 1590 2517 portabant
1618 2423 1882 2494 fontibus
1910 2447 2094 2497 utreS.

557 2539 705 2600 haut
732 2539 941 2621 procul
970 2537 1111 2597 inde
1137 2552 1281 2596 cava
1306 2537 1640 2619 spectantes
1666 2537 1827 2595 valle
1852 2540 2134 2615 ministri,

557 2647 786 2725 primus
815 2654 883 2702 ut
908 2645 1199 2702 infaustas
1230 2646 1578 2722 contingens
1602 2637 1908 2701 Vandalus
1937 2640 2131 2701 undas

555 2745 825 2806 laudavit
855 2762 1113 2806 cessasse
1141 2747 1339 2820 sitim,
1381 2754 1525 2803 tunc
1553 2752 1748 2801 cetera
1776 2764 1950 2803 cursu

560 2847 636 2906 ad
664 2849 870 2909 latices
894 2850 1017 2907 iam
1040 2850 1214 2908 turba
1242 2849 1388 2907 coit:
1433 2838 1518 2907 sio
1545 2846 1668 2904 fata
1696 2843 2046 2927 trahebant„

388 2949 517 3017 285
558 2954 645 3011 sic
672 2951 909 3009 fortuna
938 2970 1160 3017 nocens
1192 2951 1578 3009 danmaverat
1604 2951 1846 3028 agmina
1876 2950 2020 3009 leto.

561 3054 814 3132 signifer
845 3073 980 3111 ecce
1008 3073 1188 3132 super
1211 3050 1569 3110 mutandum
1595 3050 1888 3109 accedere·
1908 3055 2146 3132 signum

559 3173 767 3230 ausus,
814 3152 888 3213 de
917 3157 1167 3213 summis
1193 3152 1439 3214 reduces
1469 3156 1753 3213 contorsit
1781 3152 2044 3216 habenas

558 3258 889 3317 montibus:
931 3257 1094 3315 hunc
1125 3259 1397 3338 sequitur
1428 3253 1629 3313 densis
1665 3259 1962 3316 exercitus
1989 3265 2191 3320 armis.

557 3361 719 3419 invia
752 3370 924 3438 rupta
950 3369 1186 3439 patent:
1231 3368 1525 3440 quaerunt
1553 3355 1699 3415 dum
1724 3358 2017 3439 prendere
2047 3372 2266 3439 cautes,

386 3461 517 3529 240
557 3473 692 3542 post
715 3473 954 3541 tergum
977 3459 1250 3520 redeunt.
1332 3461 1637 3540 fugientes
1670 3458 1921 3520 credidit
1943 3460 2155 3541 hostis,
2295 3454 2300 3461 ’

561 3576 622 3624 et
644 3584 879 3624 summo
910 3562 985 3622 de
1016 3575 1219 3624 monte
1246 3564 1423 3642 fugit.
1508 3564 1825 3642 perterruit
1850 3582 2058 3623 omnes

562 3688 731 3727 casus
762 3678 820 3727 et
847 3668 954 3726 ille
984 3665 1186 3725 duces.
1275 3675 1584 3745 raptantur
1611 3666 1783 3744 signa
1813 3675 2154 3743 retrorsum,

558 3789 728 3829 versa
754 3770 920 3848 fuga.
1002 3789 1127 3827 nou
1157 3788 1402 3847 campus
1431 3778 1557 3826 erat
1586 3787 1708 3849 quo
1734 3786 1965 3826 currere
1995 3779 2199 3847 posset

490 3910 497 3915 ι
558 3872 713 3930 liber
736 3890 959 3953 equus,
1004 3866 1282 3952 laxisque
1310 3872 1463 3930 levis
1490 3871 1770 3929 transiret
1794 3867 2046 3929 habenis
2065 3889 2085 3928 τ

387 3970 515 4039 245
558 3993 667 4052 per
691 3993 869 4053 rupes
895 3952 1290 4053 scopulosque
1308 3968 1484 4031 ‘metu
1509 3988 1736 4052 perque
1765 3964 1950 4031 ardua
1978 3975 2202 4033 montis

559 4093 708 4133 saxa
741 4071 962 4133 cadunt
979 4117 995 4150 ,
1040 4093 1292 4155 seseque
1323 4094 1437 4136 suo
1459 4076 1583 4133 iam
1611 4072 1880 4155 pondere
1902 4066 2202 4154 mergunt.

383 4257 497 4313 214
530 4252 723 4310 sanetis
746 4258 822 4323 11,
857 4256 1052 4313 renea·
1075 4258 1186 4311 m*
1398 4257 1502 4314 215
1535 4233 1728 4329 piano?
1797 4227 1801 4231 ’
1948 4260 2049 4314 219
2083 4258 2315 4315 mammet
2341 4263 2415 4313 ἰη
2459 4262 2525 4313 cr.
2548 4263 2585 4315 3
2663 4235 2670 4242 ’

382 4326 496 4382 312
516 4333 571 4378 et
590 4327 728 4394 43⁵,
760 4328 793 4383 5
813 4325 936 4381 432.
1004 4378 1005 4381 ,
1161 4325 1265 4381 223
1297 4342 1395 4396 quo
1420 4329 1565 4397 opud
1587 4330 1649 4381 M
1867 4328 1968 4385 227
2002 4329 2182 4382 nimios
2210 4332 2260 4382 Τ
2457 4330 2588 4389 ibid.

383 4401 536 4449 estas
560 4396 611 4450 '1'
811 4398 914 4451 251
949 4402 1042 4448 aut
1066 4396 1116 4446 Τ
1315 4398 1443 4451 ibid.
1480 4402 1720 4467 spectant.
1740 4414 1804 4451 ex
1831 4398 1875 4452 L
2079 4398 2179 4453 241
2220 4414 2361 4452 more
2386 4399 2445 4458 Τ.
