3210 5200
651 327 794 400 120
1390 276 1425 371 Γ
1565 334 1901 405 comm

809 495 956 554 utile
986 497 1303 556 consilium
1316 540 1334 574 ,
1376 496 1431 558 si
1454 507 1595 558 tunc
1620 503 1890 561 Romana
1917 503 2174 565 iubentis

813 598 1120 678 implesset
1144 611 1461 680 praecepta
1486 622 1725 665 manus-
1809 606 2147 666 miserabile
2176 608 2384 667 fatum.

712 742 726 754 .
808 697 1065 759 audaces
1091 699 1256 760 dedit
1285 722 1413 761 esse
1442 706 1639 780 vims3
1685 709 2030 789 passimque
2051 712 2331 769 iuventus

805 822 914 880 per
943 822 1185 882 campos,
1211 802 1429 865 diffusa
1456 809 1605 882 ruit,
1660 811 1959 889 primique
1992 811 2291 871 lacessunt

636 902 763 967 500
805 906 1044 982 agmina
1069 907 1264 984 prima
1290 908 1423 966 viri.
1511 921 1867 969 concurrunt
1898 910 2106 971 ordine
2135 915 2326 989 nullo,

804 1026 925 1064 non
950 1009 1075 1064 acie
1105 1010 1358 1087 compti,
1401 1010 1605 1068 subito'
1626 1012 1885 1071 clamore
1906 1016 2125 1073 Latini.

803 1128 928 1167 non
963 1108 1105 1168 tuba
1134 1109 1455 1188 belligeros
1485 1114 1699 1172 cecinit
1730 1116 2006 1194 clangore
2032 1116 2323 1173 tumultus
2348 1159 2367 1189 ,

798 1212 1135 1290 praeceptis
1161 1223 1432 1273 contacta
1461 1212 1665 1290 ducis3
1707 1236 1829 1274 non
1861 1214 2044 1275 ardua
2073 1236 2314 1296 pugnae

800 1314 974 1392 signa
997 1313 1145 1373 locis
1173 1324 1433 1381 statuere
1460 1317 1607 1376 suis.
1689 1318 1992 1397 incompta
2014 1339 2124 1397 per
2140 1316 2365 1394 hostes,

631 1411 759 1479 505
799 1411 951 1491 heu,
992 1417 1157 1475 male
1185 1417 1295 1477 fisa
1320 1437 1536 1478 manus
1558 1419 1701 1478 fatis
1719 1421 2003 1480 currebat
2031 1423 2277 1502 iniquis.

798 1520 1003 1576 territa
1035 1530 1351 1579 cesserunt.
1366 1523 1561 1599 primo
1595 1524 1915 1579 certamine
1941 1533 2097 1582 retro
2476 1590 2482 1596 ³

708 1603 716 1612 ⁸
796 1622 1039 1697 angna
1066 1620 1516 1680 Marmaridum.
1602 1625 1873 1702 sequitur
1899 1626 2172 1683 Romana
2191 1625 2491 1699 iuventas,

797 1739 1007 1799 aspera
1034 1741 1157 1778 non
1184 1721 1384 1781 densis
1415 1724 1782 1802 permiscens
1808 1725 2034 1802 proelia
2059 1725 2219 1784 telis.

751 1819 755 1823 ’
796 1839 1041 1900 corpora
1070 1836 1371 1885 certamen
1399 1826 1740 1902 fugientum
1769 1828 2021 1884 conserit
2046 1823 2235 1886 hastis

625 1918 753 1984 510
791 1943 903 2001 per
926 1943 1165 2005 campos
1190 1929 1444 1993 Latiaris
1470 1942 1687 2005 eques,
1732 1926 1982 2005 figitque
2001 1928 2381 2009 premitque·,

794 2034 854 2082 et
877 2025 1099 2105 subigit
1135 2030 1327 2087 victos
1351 2030 1511 2087 inter
1535 2029 1715 2086 timor
1743 2030 1829 2089 ire
1865 2029 2148 2089 camelos.

873 2130 954 2186 At
985 2131 1192 2208 procul
1223 2132 1589 2209 armipotens
1617 2129 1887 2188 munibat
1917 2132 2089 2208 signa
2123 2127 2421 2191 lohannes

788 2228 999 2289 ordine
1030 2243 1240 2291 cuncta
1264 2253 1407 2306 suo,
1451 2233 1764 2312 fossasque
1797 2242 1857 2290 et
1888 2243 2077 2291 castra
2104 2234 2290 2291 locari

732 2404 733 2407 Ἴ
785 2336 1158 2413 praecipiens
1177 2380 1195 2411 ,
1243 2345 1481 2393 tautmu
1505 2331 1863 2392 servandam
1888 2334 1965 2392 ob
1996 2334 2258 2393 fluminis
2291 2334 2518 2393 undam

612 2430 738 2497 515
782 2446 1037 2495 rectores
1063 2440 1353 2496 iuvenum
1378 2439 1562 2497 fortes
1591 2455 1862 2515 pugnare
1891 2436 2155 2494 iubebat.

780 2556 1169 2618 composuere
1197 2542 1377 2600 acies.
1463 2538 1747 2599 dextrum
1768 2540 1930 2599 latus
1949 2539 2080 2617 ipse
2113 2537 2354 2597 tenebat

780 2641 1031 2717 Casina,
1072 2644 1353 2723 Massylis
1381 2655 1585 2722 septus
1613 2645 1869 2724 telisque
1896 2644 2151 2701 Latinis.

781 2742 1133 2803 Fronimuth
1158 2743 1320 2804 huno
1348 2746 1552 2821 iuxta,
1595 2749 1883 2806 Romanis
1908 2745 2078 2803 fortis
2100 2746 2167 2801 iu
2191 2744 2395 2817 armis,

777 2854 839 2901 et
872 2843 1000 2906 dux
1029 2848 1137 2912 ille,
1159 2857 1404 2927 potens,
1447 2847 1613 2905 felici
1637 2848 1880 2907 nomi-ue
1911 2855 2219 2922 comptus,

611 2944 737 3010 520
781 2942 898 3003 duc
1591 2947 1749 3005 felix
1769 2965 1890 3006 non
1914 2955 2101 3020 sorte,
2155 2943 2476 3006 Iohannes.

756 3099 759 3108 .
781 3058 842 3105 at
866 3048 1108 3107 laevum
1130 3059 1374 3114 tenuere
1406 3049 1564 3108 latus
1591 3048 1969 3107 Putzintulus
1987 3051 2227 3127 ingens,

782 3129 1078 3209 Geisiricli
1111 3153 1441 3209 arcitenens
1469 3161 1529 3208 et
1558 3152 1734 3211 celsis
1757 3149 1958 3209 Induit
1987 3152 2191 3209 armis.

778 3254 909 3332 ipse
933 3253 1066 3310 loco
1092 3250 1329 3311 medius
1361 3250 1676 3313 ductorum
1700 3255 2004 3313 maximus
2037 3264 2242 3313 auctor

780 3355 975 3413 stabat
992 3399 1010 3430 ,
1055 3365 1115 3412 et
1143 3356 1445 3413 incassum
1474 3358 1666 3415 socios
1696 3373 1976 3416 sermone
1991 3354 2301 3429 mouebat,

608 3455 735 3521 525
777 3459 900 3514 iam
925 3458 1047 3516 sato
1079 3457 1460 3515 incumbente
1493 3462 1696 3537 gravi;
1742 3477 1924 3538 quem
1947 3459 2192 3516 Taranis
2216 3468 2353 3514 aute

775 3558 1104 3619 condensas
1144 3558 1416 3639 peditum
1446 3564 1692 3640 cingens
1717 3561 1977 3619 umbone
2008 3558 2340 3639 phalanges

773 3663 966 3722 veloci
991 3664 1279 3724 volitabat
1312 3683 1499 3746 equo,
1540 3675 1887 3744 turmasque
1915 3663 2187 3744 ,parabat-

602 3877 706 3931 496
738 3893 871 3931 nunc
892 3881 1039 3948 apud
1062 3880 1125 3933 M
1292 3880 1392 3934 501
1426 3878 1566 3932 couti
1585 3878 1741 3932 solito
1769 3877 1820 3934 Τ
1982 3880 2088 3932 502
2115 3876 2364 3945 glougoro
2389 3875 2440 3927 T
2569 3873 2672 3930 505
2707 3891 2795 3927 sa-

602 3946 668 3998 tin
699 3948 748 3999 'l'
894 3950 997 4004 508
1032 3948 1301 4002 condensis
1328 3949 1416 4000 M.-
1452 3948 1518 3999 cf.
1546 3950 1577 4000 5
1602 3949 1721 4001 540.
1886 3947 1993 4004 ,511
2031 3945 2220 3997 subicit
2242 3946 2386 4013 apud
2412 3945 2473 3997 Μ
2604 3943 2706 3998 513
2738 3955 2794 3999 et

599 4016 723 4069 ada.
753 4016 814 4069 M
1014 4018 1118 4072 514
1151 4018 1448 4071 seruaudam
1483 4025 1678 4068 tantum
1713 4016 1856 4085 apud
1878 4018 1951 4069 Μ.
1992 4024 2047 4067 et
2067 4023 2187 4065 sunt
2206 4013 2394 4066 similes
2414 4029 2593 4066 versas
2611 4013 2648 4066 3
2670 4017 2793 4078 408,

597 4086 633 4138 4
655 4087 787 4149 980,
820 4087 854 4139 6
876 4087 995 4142 374.
1116 4086 1220 4141 515
1259 4088 1430 4138 hostes
1451 4101 1707 4156 spagnare
1733 4087 1796 4148 Τ,
1835 4086 2009 4138 hostes
2029 4099 2321 4153 expugnare
2347 4084 2406 4136 Μ
2538 4083 2642 4137 520
2659 4099 2789 4152 sup-

593 4157 705 4224 plet
736 4156 797 4207 M
829 4155 1012 4209 ductor
1050 4164 1164 4209 erat.
1195 4155 1435 4224 peditum.
1624 4154 1726 4208 521
1764 4153 1928 4205 lelium
1964 4155 2014 4205 Τ
2213 4152 2341 4207 ibid.
2378 4153 2703 4205 butzuutuius
2742 4156 2794 4206 'l’

594 4227 698 4279 522
732 4224 954 4289 grisii-ita
982 4224 1032 4277 Τ
1190 4225 1318 4278 ibid.
1352 4222 1514 4282 induit
1540 4223 1615 4290 T,
1646 4222 1848 4277 inclinis
1870 4223 1948 4277 M.
1971 4221 2101 4277 nihi
2115 4222 2336 4293 proprio
2356 4241 2484 4293 opus
2506 4240 2613 4277 cue
2636 4224 2789 4277 vide-

593 4301 679 4347 tur
708 4295 927 4350 nemim.
1472 4349 1479 4354 .
