3210 5200
596 314 696 393 68
1240 374 1252 388 .
1532 313 1870 395 comPPl
1964 378 1968 383 .

599 477 722 543 315
766 481 936 539 fortis
964 488 1022 538 et
1051 480 1294 559 irruptis
1322 480 1640 539 truneabas
1669 480 1912 559 agmina
1936 481 2143 541 castris

768 601 910 640 ense
940 584 1107 660 gravi
1126 626 1144 656 ,
1187 576 1494 662 similique
1520 584 1681 641 viros
1706 583 1923 640 virtute
1946 584 2223 658 nectebas,

766 685 1064 742 Germano
1095 693 1414 762 spargente
1442 684 1642 742 ferum
1663 685 2009 764 victumque
2034 693 2375 764 tyrannum.

770 795 831 842 te
860 786 1043 870 cellas
1069 788 1273 849 Vatari
1302 782 1457 844 miro
1483 787 1791 865 spectabat
1819 805 2043 862 amore,

771 895 833 943 te
859 867 1106 946 Autenti
1133 908 1342 947 saevos
1369 899 1736 947 mactantem
1759 887 1991 949 viderat
2018 886 2244 949 hostes.

604 989 730 1051 320
853 989 1033 1047 Tune
1062 991 1221 1050 sacta
1251 1001 1341 1049 est
1364 1001 1602 1050 nostrae
1633 994 1869 1072 requies
1890 983 2289 1070 pinguissima
2313 1002 2538 1051 terraer

772 1110 895 1148 non
918 1093 1151 1151 bellum
1168 1136 1185 1169 ,
1226 1114 1351 1153 non
1376 1092 1599 1173 praedo
1628 1113 1848 1172 rapax,
1890 1113 2013 1153 non
2037 1096 2218 1154 miles
2242 1115 2455 1154 avarus

774 1197 992 1253 rustica
1021 1205 1176 1256 tecta
1207 1197 1398 1271 subitt,
1441 1205 1705 1255 tentatur
1725 1197 1892 1255 nulla
1917 1197 2216 1275 supellex.

777 1300 981 1355 onmlia
1011 1299 1192 1377 plena
1215 1300 1392 1358 bonis
1422 1300 1664 1377 pluvie:
1709 1319 1835 1379 pax
1859 1308 1988 1357 tuta
2012 1317 2121 1377 per
2146 1298 2374 1357 orbem.

776 1410 919 1458 tunc
945 1400 1204 1460 fecunda
1232 1403 1410 1460 Ceres
1426 1446 1444 1476 ,
1487 1412 1633 1459 tunc
1654 1402 1849 1460 laetus
1877 1404 2198 1481 pampinus
2225 1404 2359 1462 uvis

610 1500 733 1565 325
777 1506 1055 1583 pictaque
1085 1485 1456 1582 gemmiferis
1483 1503 1660 1561 arbor
1680 1501 2038 1582 splendebat
2064 1504 2260 1562 olivis.

777 1605 953 1663 miles
982 1616 1041 1663 et
1067 1608 1130 1663 in
1158 1608 1414 1684 propriis
1440 1605 1700 1661 laetatur
1720 1603 1965 1662 sedibus
1988 1607 2218 1663 insons.

779 1707 971 1765 cultor
996 1709 1061 1763 in
1086 1711 1252 1765 omni
1276 1717 1445 1785 parte
1470 1725 1610 1764 suas
1637 1707 1908 1786 plantare
1931 1707 2203 1764 novellas

781 1818 1091 1887 coeperat3
1136 1819 1196 1866 et
1223 1805 1431 1866 ductos
1457 1809 1717 1885 iungens
1745 1804 1824 1885 aql
1851 1816 2046 1865 aratra
2069 1808 2357 1866 iuvencos

781 1928 922 1966 arva
955 1912 1189 1969 serebat
1221 1930 1404 1969 ovans
1423 1954 1439 1985 ,
1482 1907 1873 1990 placidusque
1901 1928 1937 1967 a
1959 1919 2165 1966 monte
2191 1910 2461 1967 canebat.

614 2011 741 2074 380
782 2030 960 2072 ausus
989 2024 1049 2071 et
1076 2010 1156 2072 ad
1179 2015 1390 2072 lunam
1412 2013 1609 2072 laetus
1637 1993 1876 2071 cantare
1904 2013 2114 2090 viator.

780 2110 949 2174 dives
985 2136 1169 2195 opum
1200 2137 1356 2197 pax,
1401 2117 1644 2195 pinguis
1674 2123 1800 2172 erat
1822 2123 2138 2172 mercator.
2223 2113 2451 2194 ubique

784 2220 1039 2299 quisque
1066 2221 1256 2293 eanit3
1299 2229 1579 2278 resonant
1602 2220 1827 2278 securis
1856 2216 2120 2274 earmina
2146 2216 2321 2274 terris

785 2317 985 2379 dulcia
1010 2341 1251 2402 voxque
1279 2321 1454 2380 levis.
1541 2319 1810 2399 gaudens
1838 2317 1981 2376 hinc
2009 2327 2207 2376 cantat
2233 2329 2445 2395 arator,

775 2419 932 2480 ,inde
960 2401 1153 2483 ⁸viator
1178 2444 1383 2483 ovans.
1467 2424 1816 2481 mulcebant
1841 2441 1982 2500 ergo
2007 2422 2304 2479 Camenae

573 2565 579 2572 ·
617 2521 741 2586 885
786 2534 846 2581 et
877 2527 1057 2584 variis
1085 2524 1405 2585 hominum
1438 2525 1787 2585 relevabant
1813 2533 2053 2604 pectora
2078 2526 2295 2583 Musis.

749 2618 757 2647 ¹
789 2627 1032 2687 libertas
1060 2632 1184 2687 iam
1212 2632 1392 2709 plena
1423 2631 1574 2704 fuit,
1618 2626 1730 2688 sed
1755 2638 2023 2707 tempore
2049 2647 2256 2708 parvo.

786 2730 994 2789 invida
1022 2742 1162 2789 sunt
1180 2735 1401 2790 misero
1429 2732 1694 2789 fatorum
1718 2732 1975 2788 stamina
1989 2727 2246 2787 mundo,

788 2849 895 2887 cur
910 2875 927 2906 ,
970 2830 1286 2907 Lachesis,
1329 2831 1649 2890 hominum
1675 2834 1843 2889 tenui
1867 2830 2190 2909 pendentia
2210 2831 2313 2890 filo

791 2933 915 2990 fata
948 2943 1158 2993 tenens
1184 2936 1397 2992 leviter
1420 2930 1643 3013 pellis?
1728 2934 1855 2991 iam
1881 2933 2179 3010 rumpitur
2204 2932 2400 3009 orbis3

623 3031 750 3098 840
790 3035 1044 3094 fortibus
1076 3046 1180 3093 aut
1206 3039 1360 3094 aeris
1388 3036 1614 3095 referes
1643 3035 1907 3115 ferrique
1934 3037 2178 3110 catenis,

794 3149 1006 3196 cuncta
1034 3157 1286 3198 movens
1303 3183 1320 3214 ,
1364 3149 1554 3196 terror
1576 3148 1907 3217 premeret,
1949 3158 2075 3197 non
2102 3149 2405 3217 rumperet
2429 3142 2537 3199 ira.

874 3244 1123 3320 Iamque
1148 3260 1333 3301 novas
1355 3241 1572 3300 melior
1598 3251 1975 3318 reparaverat
1997 3242 2200 3300 Africa
2228 3246 2405 3317 vires,

794 3351 973 3422 atque
999 3340 1318 3401 hominum
1341 3354 1577 3409 vastare
1601 3362 1791 3420 genus
1821 3342 2235 3425 mundumque
2260 3346 2563 3404 labantem

794 3456 1089 3523 coeperat.
1174 3442 1270 3504 his
1301 3449 1517 3505 nostris
1545 3448 1795 3505 veniens
1818 3446 2091 3505 fervebat
2115 3450 2180 3504 in
2210 3451 2351 3506 oris.

629 3541 752 3608 345
794 3566 1105 3627 nunquam
1138 3545 1341 3607 audita
1372 3549 1490 3608 fuit
1515 3552 1725 3625 mortis
1751 3560 1877 3606 tam
1903 3552 2090 3608 tristis
2112 3552 2334 3627 image,

794 3668 919 3708 non
955 3651 1114 3709 orbis
1140 3652 1404 3728 novitate
1434 3649 1600 3710 rudis
1620 3696 1650 3727 „
1679 3672 1802 3709 non
1823 3662 2091 3733 tempore
2115 3648 2403 3730 Pyrrhae.

797 3770 954 3810 nam·
972 3755 1223 3812 miseros
1250 3758 1531 3813 monstris
1563 3754 1918 3813 conturbans
1943 3753 2141 3810 letifer
2168 3771 2359 3810 annus

798 3856 1119 3914 miscuerat
1148 3836 1379 3936 superis
1414 3875 1660 3929 manes3
1701 3874 1955 3934 seseque
1985 3852 2268 3911 videbant

800 3956 1051 4015 vulnera
1077 3957 1295 4017 divinis
1322 3956 1599 4017 homines
1624 3956 1895 4018 hausisse
1921 3959 2172 4035 sagittis,

615 4143 741 4200 ι318
773 4140 927 4195 cena·
953 4142 1032 4207 Τ,
1066 4141 1235 4195 mltor
1255 4142 1321 4194 M
1373 4172 1382 4184 ·
1492 4142 1598 4195 323
1630 4139 1804 4208 pluuia
1828 4141 1898 4202 Τ,
1932 4139 2132 4206 Libyae
2156 4140 2216 4192 M
2352 4174 2362 4189 .-
2383 4142 2489 4196 333
2521 4157 2740 4209 moxque
2763 4141 2828 4193 M

637 4210 742 4264 334
774 4210 1064 4263 mulcebunt
1088 4211 1139 4264 Τ
1313 4210 1416 4263 335
1452 4209 1586 4262 euris
1610 4210 1674 4263 M
1849 4209 1952 4262 339
1987 4217 2133 4260 tenes
2161 4211 2210 4261 Τ
2375 4212 2479 4267 340
2510 4212 2740 4266 referens
2762 4210 2826 4263 M

638 4279 743 4333 343
775 4279 1028 4335 labentem
1055 4279 1105 4329 T
1301 4279 1404 4333 347
1438 4296 1539 4332 non
1565 4281 1616 4332 Τ
1813 4279 1916 4333 349
1950 4278 2152 4332 auxisse
2177 4280 2239 4334 Τ.
2453 4316 2460 4323 ·
2751 4314 2754 4321 ·
