<?xml version="1.0" encoding="UTF-8"?>
<!DOCTYPE html PUBLIC "-//W3C//DTD XHTML 1.0 Transitional//EN"
    "http://www.w3.org/TR/xhtml1/DTD/xhtml1-transitional.dtd">
<html xmlns="http://www.w3.org/1999/xhtml" xml:lang="en" lang="en">
 <head>
  <title>
</title>
<meta http-equiv="Content-Type" content="text/html;charset=utf-8" />
  <meta name='ocr-system' content='tesseract 3.04.00' />
  <meta name='ocr-capabilities' content='ocr_page ocr_carea ocr_par ocr_line ocrx_word'/>
</head>
<body>
  <div class='ocr_page' id='page_1' title='image "./carminumpanegyr00niebgoog_0305.png"; bbox 0 0 3210 5200; ppageno 0'>
   <div class='ocr_carea' id='block_1_1' title="bbox 943 366 2574 440">
    <p class='ocr_par' dir='ltr' id='par_1_1' title="bbox 943 366 2574 440">
     <span class='ocr_line' id='line_1_1' title="bbox 943 366 2574 440; baseline 0.003 -7"><span class='ocrx_word' id='word_1_1' title='bbox 943 366 1034 433; x_wconf 86' lang='lat' dir='ltr'><strong>IN</strong></span> <span class='ocrx_word' id='word_1_2' title='bbox 1080 367 1611 436; x_wconf 83' lang='lat' dir='ltr'><strong>IOHANNIDOS</strong></span> <span class='ocrx_word' id='word_1_3' title='bbox 1658 367 1692 436; x_wconf 93' lang='lat'>1</span> <span class='ocrx_word' id='word_1_4' title='bbox 1740 367 2041 435; x_wconf 82' lang='lat' dir='ltr'><strong>NOTAE.</strong></span> <span class='ocrx_word' id='word_1_5' title='bbox 2424 370 2574 440; x_wconf 73' lang='lat'><strong>225</strong></span> 
     </span>
    </p>
   </div>
   <div class='ocr_carea' id='block_1_2' title="bbox 381 528 2586 2725">
    <p class='ocr_par' dir='ltr' id='par_1_2' title="bbox 381 528 2586 2725">
     <span class='ocr_line' id='line_1_2' title="bbox 394 528 2570 613; baseline 0.001 -23"><span class='ocrx_word' id='word_1_6' title='bbox 394 531 495 591; x_wconf 82' lang='lat' dir='ltr'><strong>hio</strong></span> <span class='ocrx_word' id='word_1_7' title='bbox 537 541 745 600; x_wconf 77' lang='lat' dir='ltr'><strong>autem</strong></span> <span class='ocrx_word' id='word_1_8' title='bbox 783 533 1023 611; x_wconf 79' lang='lat' dir='ltr'><strong>cpolim</strong></span> <span class='ocrx_word' id='word_1_9' title='bbox 1066 551 1332 590; x_wconf 84' lang='lat' dir='ltr'><strong>remeare</strong></span> <span class='ocrx_word' id='word_1_10' title='bbox 1374 528 1735 589; x_wconf 74' lang='lat' dir='ltr'><strong>decrevisset</strong></span> <span class='ocrx_word' id='word_1_11' title='bbox 1778 550 1930 587; x_wconf 51' lang='lat' dir='ltr'><strong>cum¹</strong></span> <span class='ocrx_word' id='word_1_12' title='bbox 1954 532 2275 591; x_wconf 82' lang='lat' dir='ltr'><strong>Geilimere</strong></span> <span class='ocrx_word' id='word_1_13' title='bbox 2316 536 2570 613; x_wconf 73' lang='lat' dir='ltr'><strong>captivo,</strong></span> 
     </span>
     <span class='ocr_line' id='line_1_3' title="bbox 393 616 2574 696; baseline 0.001 -22"><span class='ocrx_word' id='word_1_14' title='bbox 393 618 702 675; x_wconf 76' lang='lat' dir='ltr'><em>Salomoni</em></span> <span class='ocrx_word' id='word_1_15' title='bbox 726 618 1043 696; x_wconf 78' lang='lat' dir='ltr'><strong>tegendam</strong></span> <span class='ocrx_word' id='word_1_16' title='bbox 1065 617 1356 693; x_wconf 60' lang='lat' dir='ltr'><strong>Asi-icam</strong></span> <span class='ocrx_word' id='word_1_17' title='bbox 1381 616 1670 687; x_wconf 78' lang='lat' dir='ltr'><strong>tradidit,</strong></span> <span class='ocrx_word' id='word_1_18' title='bbox 1717 625 1772 671; x_wconf 84' lang='lat' dir='ltr'><strong>et</strong></span> <span class='ocrx_word' id='word_1_19' title='bbox 1785 626 2026 692; x_wconf 78' lang='lat' dir='ltr'><strong>partem</strong></span> <span class='ocrx_word' id='word_1_20' title='bbox 2053 620 2375 674; x_wconf 77' lang='lat' dir='ltr'><strong>maximam.</strong></span> <span class='ocrx_word' id='word_1_21' title='bbox 2387 640 2574 695; x_wconf 82' lang='lat' dir='ltr'><strong>prae-</strong></span> 
     </span>
     <span class='ocr_line' id='line_1_4' title="bbox 393 701 2575 780; baseline 0.001 -23"><span class='ocrx_word' id='word_1_22' title='bbox 393 705 756 759; x_wconf 81' lang='lat' dir='ltr'><strong>torianorum</strong></span> <span class='ocrx_word' id='word_1_23' title='bbox 780 721 1025 759; x_wconf 66' lang='lat' dir='ltr'><strong>suamm-</strong></span> <span class='ocrx_word' id='word_1_24' title='bbox 1048 701 1288 779; x_wconf 80' lang='lat' dir='ltr'><strong>reliquit</strong></span> <span class='ocrx_word' id='word_1_25' title='bbox 1307 741 1329 769; x_wconf 85' lang='lat'><strong>,</strong></span> <span class='ocrx_word' id='word_1_26' title='bbox 1370 711 1438 757; x_wconf 85' lang='lat' dir='ltr'><strong>ut</strong></span> <span class='ocrx_word' id='word_1_27' title='bbox 1459 720 1521 757; x_wconf 89' lang='lat' dir='ltr'><strong>eo</strong></span> <span class='ocrx_word' id='word_1_28' title='bbox 1549 701 1701 757; x_wconf 79' lang='lat' dir='ltr'><strong>duce</strong></span> <span class='ocrx_word' id='word_1_29' title='bbox 1723 702 2167 777; x_wconf 77' lang='lat' dir='ltr'><em>quamprimum</em></span> <span class='ocrx_word' id='word_1_30' title='bbox 2191 721 2411 780; x_wconf 76' lang='lat' dir='ltr'><strong>magno</strong></span> <span class='ocrx_word' id='word_1_31' title='bbox 2436 706 2575 761; x_wconf 80' lang='lat' dir='ltr'><strong>ani-</strong></span> 
     </span>
     <span class='ocr_line' id='line_1_5' title="bbox 395 785 2567 865; baseline 0.001 -21"><span class='ocrx_word' id='word_1_32' title='bbox 395 808 490 844; x_wconf 84' lang='lat' dir='ltr'><strong>mo</strong></span> <span class='ocrx_word' id='word_1_33' title='bbox 532 787 731 844; x_wconf 83' lang='lat' dir='ltr'><strong>ultum</strong></span> <span class='ocrx_word' id='word_1_34' title='bbox 765 789 921 843; x_wconf 69' lang='lat' dir='ltr'><strong>irent</strong></span> <span class='ocrx_word' id='word_1_35' title='bbox 954 787 1190 865; x_wconf 55' lang='lat' dir='ltr'><strong>nefaria</strong></span> <span class='ocrx_word' id='word_1_36' title='bbox 1225 788 1289 841; x_wconf 76' lang='lat' dir='ltr'><strong>in</strong></span> <span class='ocrx_word' id='word_1_37' title='bbox 1315 785 1625 842; x_wconf 82' lang='lat' dir='ltr'><strong>Romanos</strong></span> <span class='ocrx_word' id='word_1_38' title='bbox 1664 805 1818 841; x_wconf 77' lang='lat' dir='ltr'><strong>ausa</strong></span> <span class='ocrx_word' id='word_1_39' title='bbox 1848 787 2212 843; x_wconf 60' lang='lat' dir='ltr'><strong>Illam-orum</strong></span> <span class='ocrx_word' id='word_1_40' title='bbox 2239 786 2567 846; x_wconf 80' lang='lat' dir='ltr'><strong>rebellium.</strong></span> 
     </span>
     <span class='ocr_line' id='line_1_6' title="bbox 393 871 2576 949; baseline 0.001 -21"><span class='ocrx_word' id='word_1_41' title='bbox 393 881 531 949; x_wconf 87' lang='lat' dir='ltr'><strong>post</strong></span> <span class='ocrx_word' id='word_1_42' title='bbox 566 871 794 949; x_wconf 85' lang='lat' dir='ltr'><strong>proelia</strong></span> <span class='ocrx_word' id='word_1_43' title='bbox 830 875 987 928; x_wconf 88' lang='lat' dir='ltr'><strong>iuter</strong></span> <span class='ocrx_word' id='word_1_44' title='bbox 1013 873 1311 928; x_wconf 86' lang='lat' dir='ltr'><strong>Romanos</strong></span> <span class='ocrx_word' id='word_1_45' title='bbox 1348 880 1407 926; x_wconf 89' lang='lat' dir='ltr'><strong>et</strong></span> <span class='ocrx_word' id='word_1_46' title='bbox 1432 871 1672 927; x_wconf 87' lang='lat' dir='ltr'><strong>Mauros</strong></span> <span class='ocrx_word' id='word_1_47' title='bbox 1713 872 1878 926; x_wconf 77' lang='lat' dir='ltr'><strong>vario</strong></span> <span class='ocrx_word' id='word_1_48' title='bbox 1907 871 2094 928; x_wconf 86' lang='lat' dir='ltr'><strong>Marte</strong></span> <span class='ocrx_word' id='word_1_49' title='bbox 2129 880 2464 944; x_wconf 78' lang='lat' dir='ltr'><strong>transacta,</strong></span> <span class='ocrx_word' id='word_1_50' title='bbox 2507 884 2576 930; x_wconf 85' lang='lat' dir='ltr'><strong>ut</strong></span> 
     </span>
     <span class='ocr_line' id='line_1_7' title="bbox 395 953 2577 1034; baseline 0.001 -22"><span class='ocrx_word' id='word_1_51' title='bbox 395 958 598 1032; x_wconf 82' lang='lat' dir='ltr'><strong>legere</strong></span> <span class='ocrx_word' id='word_1_52' title='bbox 637 966 727 1013; x_wconf 89' lang='lat' dir='ltr'><strong>est</strong></span> <span class='ocrx_word' id='word_1_53' title='bbox 767 975 818 1014; x_wconf 85' lang='lat' dir='ltr'><strong>c.</strong></span> <span class='ocrx_word' id='word_1_54' title='bbox 854 960 928 1017; x_wconf 85' lang='lat'><strong>11</strong></span> <span class='ocrx_word' id='word_1_55' title='bbox 957 965 1018 1012; x_wconf 87' lang='lat' dir='ltr'><strong>et</strong></span> <span class='ocrx_word' id='word_1_56' title='bbox 1044 975 1249 1034; x_wconf 81' lang='lat' dir='ltr'><strong>seqq.,</strong></span> <span class='ocrx_word' id='word_1_57' title='bbox 1307 954 1592 1012; x_wconf 84' lang='lat' dir='ltr'><strong>Salomon</strong></span> <span class='ocrx_word' id='word_1_58' title='bbox 1630 965 1837 1011; x_wconf 84' lang='lat' dir='ltr'><strong>exorta</strong></span> <span class='ocrx_word' id='word_1_59' title='bbox 1882 953 2176 1012; x_wconf 86' lang='lat' dir='ltr'><strong>seditione</strong></span> <span class='ocrx_word' id='word_1_60' title='bbox 2218 957 2480 1012; x_wconf 84' lang='lat' dir='ltr'><strong>militum</strong></span> <span class='ocrx_word' id='word_1_61' title='bbox 2513 959 2577 1014; x_wconf 86' lang='lat' dir='ltr'><strong>in</strong></span> 
     </span>
     <span class='ocr_line' id='line_1_8' title="bbox 394 1037 2580 1118; baseline -0 -19"><span class='ocrx_word' id='word_1_62' title='bbox 394 1042 599 1099; x_wconf 74' lang='lat' dir='ltr'><strong>Africa</strong></span> <span class='ocrx_word' id='word_1_63' title='bbox 621 1041 946 1118; x_wconf 76' lang='lat' dir='ltr'><strong>Syracusas</strong></span> <span class='ocrx_word' id='word_1_64' title='bbox 976 1040 1207 1117; x_wconf 79' lang='lat' dir='ltr'>aufugit</span> <span class='ocrx_word' id='word_1_65' title='bbox 1234 1037 1495 1117; x_wconf 23' lang='grc' dir='ltr'>(εκ-14),</span> <span class='ocrx_word' id='word_1_66' title='bbox 1543 1039 1646 1095; x_wconf 88' lang='lat' dir='ltr'><strong>ubi</strong></span> <span class='ocrx_word' id='word_1_67' title='bbox 1679 1041 1962 1116; x_wconf 85' lang='lat' dir='ltr'><strong>expositis</strong></span> <span class='ocrx_word' id='word_1_68' title='bbox 1991 1041 2229 1097; x_wconf 78' lang='lat' dir='ltr'><strong>Africae</strong></span> <span class='ocrx_word' id='word_1_69' title='bbox 2259 1041 2432 1099; x_wconf 86' lang='lat' dir='ltr'><strong>rebus</strong></span> <span class='ocrx_word' id='word_1_70' title='bbox 2457 1044 2580 1100; x_wconf 85' lang='lat' dir='ltr'><strong>Be-</strong></span> 
     </span>
     <span class='ocr_line' id='line_1_9' title="bbox 396 1122 2578 1205; baseline 0.001 -23"><span class='ocrx_word' id='word_1_71' title='bbox 396 1127 629 1198; x_wconf 85' lang='lat' dir='ltr'><strong>lisario,</strong></span> <span class='ocrx_word' id='word_1_72' title='bbox 704 1128 807 1205; x_wconf 89' lang='lat' dir='ltr'><strong>qui</strong></span> <span class='ocrx_word' id='word_1_73' title='bbox 845 1122 1070 1181; x_wconf 85' lang='lat' dir='ltr'>ibidem</span> <span class='ocrx_word' id='word_1_74' title='bbox 1109 1124 1340 1181; x_wconf 85' lang='lat' dir='ltr'><strong>bellum</strong></span> <span class='ocrx_word' id='word_1_75' title='bbox 1381 1135 1722 1200; x_wconf 80' lang='lat' dir='ltr'><strong>susceperat</strong></span> <span class='ocrx_word' id='word_1_76' title='bbox 1762 1135 1964 1181; x_wconf 83' lang='lat' dir='ltr'><strong>contra</strong></span> <span class='ocrx_word' id='word_1_77' title='bbox 2006 1123 2265 1198; x_wconf 81' lang='lat' dir='ltr'><strong>Gothos,</strong></span> <span class='ocrx_word' id='word_1_78' title='bbox 2327 1145 2464 1183; x_wconf 83' lang='lat' dir='ltr'><strong>cum</strong></span> <span class='ocrx_word' id='word_1_79' title='bbox 2505 1146 2578 1184; x_wconf 87' lang='lat' dir='ltr'><strong>eo</strong></span> 
     </span>
     <span class='ocr_line' id='line_1_10' title="bbox 394 1205 2579 1288; baseline 0.001 -22"><span class='ocrx_word' id='word_1_80' title='bbox 394 1213 567 1288; x_wconf 83' lang='lat' dir='ltr'><strong>petiit</strong></span> <span class='ocrx_word' id='word_1_81' title='bbox 596 1208 788 1267; x_wconf 87' lang='lat' dir='ltr'><strong>denuo</strong></span> <span class='ocrx_word' id='word_1_82' title='bbox 818 1207 1240 1286; x_wconf 77' lang='lat' dir='ltr'>Carthaginem</span> <span class='ocrx_word' id='word_1_83' title='bbox 1270 1206 1350 1286; x_wconf 87' lang='lat' dir='ltr'><strong>(c.</strong></span> <span class='ocrx_word' id='word_1_84' title='bbox 1390 1205 1495 1284; x_wconf 85' lang='lat'><strong>15)</strong></span> <span class='ocrx_word' id='word_1_85' title='bbox 1529 1227 1686 1264; x_wconf 85' lang='lat' dir='ltr'><strong>anno</strong></span> <span class='ocrx_word' id='word_1_86' title='bbox 1715 1207 1837 1271; x_wconf 87' lang='lat'><strong>537</strong></span> <span class='ocrx_word' id='word_1_87' title='bbox 1867 1207 1946 1266; x_wconf 85' lang='lat' dir='ltr'><strong>ad</strong></span> <span class='ocrx_word' id='word_1_88' title='bbox 1974 1208 2447 1287; x_wconf 82' lang='lat' dir='ltr'><strong>comprimendos</strong></span> <span class='ocrx_word' id='word_1_89' title='bbox 2481 1230 2579 1268; x_wconf 85' lang='lat' dir='ltr'><strong>re-</strong></span> 
     </span>
     <span class='ocr_line' id='line_1_11' title="bbox 392 1291 2576 1373; baseline 0 -22"><span class='ocrx_word' id='word_1_90' title='bbox 392 1295 601 1352; x_wconf 84' lang='lat' dir='ltr'><strong>belles.</strong></span> <span class='ocrx_word' id='word_1_91' title='bbox 688 1294 973 1352; x_wconf 81' lang='lat' dir='ltr'>Salomon</span> <span class='ocrx_word' id='word_1_92' title='bbox 1016 1313 1157 1351; x_wconf 77' lang='lat' dir='ltr'><strong>vero</strong></span> <span class='ocrx_word' id='word_1_93' title='bbox 1194 1291 1433 1349; x_wconf 74' lang='lat' dir='ltr'><strong>videtur</strong></span> <span class='ocrx_word' id='word_1_94' title='bbox 1462 1292 1572 1349; x_wconf 87' lang='lat' dir='ltr'><strong>sub</strong></span> <span class='ocrx_word' id='word_1_95' title='bbox 1607 1292 1788 1348; x_wconf 87' lang='lat' dir='ltr'><strong>finem</strong></span> <span class='ocrx_word' id='word_1_96' title='bbox 1817 1294 1958 1350; x_wconf 87' lang='lat' dir='ltr'><strong>anni</strong></span> <span class='ocrx_word' id='word_1_97' title='bbox 1985 1313 2279 1352; x_wconf 76' lang='lat' dir='ltr'><strong>remeasse</strong></span> <span class='ocrx_word' id='word_1_98' title='bbox 2304 1296 2576 1373; x_wconf 79' lang='lat' dir='ltr'><strong>cpolim:</strong></span> 
     </span>
     <span class='ocr_line' id='line_1_12' title="bbox 391 1374 2576 1457; baseline 0 -21"><span class='ocrx_word' id='word_1_99' title='bbox 391 1398 533 1436; x_wconf 84' lang='lat' dir='ltr'><strong>nam</strong></span> <span class='ocrx_word' id='word_1_100' title='bbox 569 1376 822 1436; x_wconf 82' lang='lat' dir='ltr'><strong>subinde</strong></span> <span class='ocrx_word' id='word_1_101' title='bbox 863 1379 1131 1436; x_wconf 78' lang='lat' dir='ltr'><strong>Africam</strong></span> <span class='ocrx_word' id='word_1_102' title='bbox 1175 1374 1519 1434; x_wconf 86' lang='lat' dir='ltr'><strong>moderatus</strong></span> <span class='ocrx_word' id='word_1_103' title='bbox 1566 1385 1656 1433; x_wconf 91' lang='lat' dir='ltr'><strong>est</strong></span> <span class='ocrx_word' id='word_1_104' title='bbox 1696 1377 2054 1454; x_wconf 30' lang='lat' dir='ltr'><strong>Germanus..</strong></span> <span class='ocrx_word' id='word_1_105' title='bbox 2135 1397 2254 1457; x_wconf 89' lang='lat' dir='ltr'><strong>quo</strong></span> <span class='ocrx_word' id='word_1_106' title='bbox 2303 1389 2576 1437; x_wconf 83' lang='lat' dir='ltr'><strong>revocato</strong></span> 
     </span>
     <span class='ocr_line' id='line_1_13' title="bbox 395 1459 2580 1560; baseline 0.001 -41"><span class='ocrx_word' id='word_1_107' title='bbox 395 1462 477 1543; x_wconf 86' lang='lat' dir='ltr'><strong>(c.</strong></span> <span class='ocrx_word' id='word_1_108' title='bbox 512 1461 620 1541; x_wconf 84' lang='lat'><strong>19)</strong></span> <span class='ocrx_word' id='word_1_109' title='bbox 662 1465 985 1560; x_wconf 78' lang='lat' dir='ltr'><strong>imperator</strong></span> <span class='ocrx_word' id='word_1_110' title='bbox 1023 1482 1117 1519; x_wconf 76' lang='lat' dir='ltr'><strong>res</strong></span> <span class='ocrx_word' id='word_1_111' title='bbox 1156 1481 1356 1517; x_wconf 77' lang='lat' dir='ltr'><strong>omnes</strong></span> <span class='ocrx_word' id='word_1_112' title='bbox 1385 1459 1648 1537; x_wconf 74' lang='lat' dir='ltr'><strong>Africae</strong></span> <span class='ocrx_word' id='word_1_113' title='bbox 1684 1462 1898 1517; x_wconf 80' lang='lat' dir='ltr'><strong>ilemm</strong></span> <span class='ocrx_word' id='word_1_114' title='bbox 1943 1462 2254 1519; x_wconf 72' lang='lat' dir='ltr'><strong>Salomoni</strong></span> <span class='ocrx_word' id='word_1_115' title='bbox 2292 1464 2580 1521; x_wconf 72' lang='lat' dir='ltr'><strong>conmisit</strong></span> 
     </span>
     <span class='ocr_line' id='line_1_14' title="bbox 392 1542 2580 1625; baseline -0 -20"><span class='ocrx_word' id='word_1_116' title='bbox 392 1569 555 1606; x_wconf 82' lang='lat' dir='ltr'><strong>anno</strong></span> <span class='ocrx_word' id='word_1_117' title='bbox 587 1548 824 1625; x_wconf 82' lang='lat' dir='ltr'><strong>imperii</strong></span> <span class='ocrx_word' id='word_1_118' title='bbox 856 1548 954 1608; x_wconf 69' lang='lat' dir='ltr'><strong>sui</strong></span> <span class='ocrx_word' id='word_1_119' title='bbox 982 1548 1096 1621; x_wconf 79' lang='lat'><strong>13,</strong></span> <span class='ocrx_word' id='word_1_120' title='bbox 1153 1547 1258 1624; x_wconf 83' lang='lat' dir='ltr'><strong>qui</strong></span> <span class='ocrx_word' id='word_1_121' title='bbox 1296 1542 1613 1621; x_wconf 81' lang='lat' dir='ltr'><strong>respondet</strong></span> <span class='ocrx_word' id='word_1_122' title='bbox 1647 1562 1801 1601; x_wconf 87' lang='lat' dir='ltr'><strong>anno</strong></span> <span class='ocrx_word' id='word_1_123' title='bbox 1843 1542 2175 1604; x_wconf 85' lang='lat' dir='ltr'><strong>Christiano</strong></span> <span class='ocrx_word' id='word_1_124' title='bbox 2207 1546 2352 1609; x_wconf 84' lang='grc'><strong>589.</strong></span> <span class='ocrx_word' id='word_1_125' title='bbox 2437 1558 2580 1606; x_wconf 83' lang='lat' dir='ltr'><strong>tunc</strong></span> 
     </span>
     <span class='ocr_line' id='line_1_15' title="bbox 395 1629 2580 1709; baseline -0 -18"><span class='ocrx_word' id='word_1_126' title='bbox 395 1633 682 1691; x_wconf 77' lang='lat' dir='ltr'>Salomon</span> <span class='ocrx_word' id='word_1_127' title='bbox 714 1651 810 1690; x_wconf 85' lang='lat' dir='ltr'><strong>res</strong></span> <span class='ocrx_word' id='word_1_128' title='bbox 836 1631 1076 1689; x_wconf 84' lang='lat' dir='ltr'><strong>Africae</strong></span> <span class='ocrx_word' id='word_1_129' title='bbox 1112 1633 1337 1708; x_wconf 86' lang='lat' dir='ltr'><strong>optime</strong></span> <span class='ocrx_word' id='word_1_130' title='bbox 1370 1631 1732 1707; x_wconf 81' lang='lat' dir='ltr'>composuit,</span> <span class='ocrx_word' id='word_1_131' title='bbox 1786 1638 1846 1686; x_wconf 89' lang='lat' dir='ltr'><strong>et</strong></span> <span class='ocrx_word' id='word_1_132' title='bbox 1880 1641 2151 1708; x_wconf 83' lang='lat' dir='ltr'><strong>suscepta</strong></span> <span class='ocrx_word' id='word_1_133' title='bbox 2195 1629 2580 1709; x_wconf 83' lang='lat' dir='ltr'><strong>expeditione</strong></span> 
     </span>
     <span class='ocr_line' id='line_1_16' title="bbox 393 1711 2580 1794; baseline 0 -20"><span class='ocrx_word' id='word_1_134' title='bbox 393 1720 461 1774; x_wconf 86' lang='lat' dir='ltr'><strong>in</strong></span> <span class='ocrx_word' id='word_1_135' title='bbox 488 1720 729 1774; x_wconf 82' lang='lat' dir='ltr'><strong>Mauros</strong></span> <span class='ocrx_word' id='word_1_136' title='bbox 769 1719 856 1773; x_wconf 86' lang='lat' dir='ltr'><strong>eis</strong></span> <span class='ocrx_word' id='word_1_137' title='bbox 899 1716 1071 1794; x_wconf 87' lang='lat' dir='ltr'><strong>plura</strong></span> <span class='ocrx_word' id='word_1_138' title='bbox 1105 1725 1293 1771; x_wconf 83' lang='lat' dir='ltr'><strong>castra</strong></span> <span class='ocrx_word' id='word_1_139' title='bbox 1321 1715 1557 1792; x_wconf 86' lang='lat' dir='ltr'><strong>eripuit.</strong></span> <span class='ocrx_word' id='word_1_140' title='bbox 1645 1711 1753 1770; x_wconf 85' lang='lat' dir='ltr'><strong>sed</strong></span> <span class='ocrx_word' id='word_1_141' title='bbox 1780 1725 1987 1771; x_wconf 83' lang='lat' dir='ltr'><strong>exorta</strong></span> <span class='ocrx_word' id='word_1_142' title='bbox 2013 1713 2450 1774; x_wconf 84' lang='lat' dir='ltr'><strong>Leucatharum</strong></span> <span class='ocrx_word' id='word_1_143' title='bbox 2478 1717 2580 1777; x_wconf 68' lang='lat' dir='ltr'><strong>‚vel</strong></span> 
     </span>
     <span class='ocr_line' id='line_1_17' title="bbox 391 1796 2579 1879; baseline -0 -20"><span class='ocrx_word' id='word_1_144' title='bbox 391 1799 840 1860; x_wconf 85' lang='lat' dir='ltr'><strong>Lebantharum</strong></span> <span class='ocrx_word' id='word_1_145' title='bbox 880 1819 987 1858; x_wconf 87' lang='lat' dir='ltr'><strong>sen</strong></span> <span class='ocrx_word' id='word_1_146' title='bbox 1022 1801 1417 1875; x_wconf 72' lang='lat' dir='ltr'><strong>Laugumxtan</strong></span> <span class='ocrx_word' id='word_1_147' title='bbox 1455 1797 1781 1872; x_wconf 87' lang='lat' dir='ltr'><strong>seditione,</strong></span> <span class='ocrx_word' id='word_1_148' title='bbox 1838 1796 1914 1855; x_wconf 82' lang='lat' dir='ltr'><strong>de</strong></span> <span class='ocrx_word' id='word_1_149' title='bbox 1954 1818 2069 1878; x_wconf 83' lang='lat' dir='ltr'><strong>qna</strong></span> <span class='ocrx_word' id='word_1_150' title='bbox 2105 1798 2241 1856; x_wconf 71' lang='lat' dir='ltr'><strong>vide</strong></span> <span class='ocrx_word' id='word_1_151' title='bbox 2286 1820 2462 1879; x_wconf 82' lang='lat' dir='ltr'><strong>supra</strong></span> <span class='ocrx_word' id='word_1_152' title='bbox 2499 1797 2579 1858; x_wconf 86' lang='lat' dir='ltr'><strong>ad</strong></span> 
     </span>
     <span class='ocr_line' id='line_1_18' title="bbox 392 1881 2577 1964; baseline 0 -20"><span class='ocrx_word' id='word_1_153' title='bbox 392 1905 453 1945; x_wconf 79' lang='lat' dir='ltr'><strong>v.</strong></span> <span class='ocrx_word' id='word_1_154' title='bbox 493 1885 645 1960; x_wconf 83' lang='lat'><strong>144,</strong></span> <span class='ocrx_word' id='word_1_155' title='bbox 690 1896 827 1964; x_wconf 86' lang='lat' dir='ltr'><strong>post</strong></span> <span class='ocrx_word' id='word_1_156' title='bbox 855 1885 1083 1942; x_wconf 87' lang='lat' dir='ltr'><strong>bellum</strong></span> <span class='ocrx_word' id='word_1_157' title='bbox 1108 1886 1273 1940; x_wconf 82' lang='lat' dir='ltr'><strong>vario</strong></span> <span class='ocrx_word' id='word_1_158' title='bbox 1297 1885 1486 1940; x_wconf 87' lang='lat' dir='ltr'><strong>Marte</strong></span> <span class='ocrx_word' id='word_1_159' title='bbox 1517 1893 1781 1962; x_wconf 86' lang='lat' dir='ltr'><strong>gestum,</strong></span> <span class='ocrx_word' id='word_1_160' title='bbox 1824 1881 2102 1957; x_wconf 82' lang='lat' dir='ltr'><strong>tandem,</strong></span> <span class='ocrx_word' id='word_1_161' title='bbox 2146 1894 2212 1942; x_wconf 87' lang='lat' dir='ltr'><strong>ut</strong></span> <span class='ocrx_word' id='word_1_162' title='bbox 2240 1887 2321 1942; x_wconf 90' lang='lat' dir='ltr'><strong>ait</strong></span> <span class='ocrx_word' id='word_1_163' title='bbox 2355 1889 2577 1944; x_wconf 83' lang='lat' dir='ltr'><strong>Proco-</strong></span> 
     </span>
     <span class='ocr_line' id='line_1_19' title="bbox 396 1967 2581 2050; baseline -0 -21"><span class='ocrx_word' id='word_1_164' title='bbox 396 1974 531 2050; x_wconf 82' lang='lat' dir='ltr'><strong>pius</strong></span> <span class='ocrx_word' id='word_1_165' title='bbox 559 1990 610 2028; x_wconf 83' lang='lat' dir='ltr'><strong>c.</strong></span> <span class='ocrx_word' id='word_1_166' title='bbox 639 1973 715 2032; x_wconf 81' lang='grc'><strong>21</strong></span> <span class='ocrx_word' id='word_1_167' title='bbox 737 2013 753 2044; x_wconf 89' lang='grc'><strong>,</strong></span> <span class='ocrx_word' id='word_1_168' title='bbox 803 1969 1024 2027; x_wconf 81' lang='lat' dir='ltr'><em>Mauri</em></span> <span class='ocrx_word' id='word_1_169' title='bbox 1065 1988 1307 2025; x_wconf 82' lang='lat' dir='ltr'><strong>numero</strong></span> <span class='ocrx_word' id='word_1_170' title='bbox 1352 1967 1528 2046; x_wconf 81' lang='lat' dir='ltr'><strong>longe</strong></span> <span class='ocrx_word' id='word_1_171' title='bbox 1565 1970 1891 2045; x_wconf 70' lang='lat' dir='ltr'><strong>superiores</strong></span> <span class='ocrx_word' id='word_1_172' title='bbox 1930 1969 2343 2027; x_wconf 81' lang='lat' dir='ltr'><strong>Romanorum</strong></span> <span class='ocrx_word' id='word_1_173' title='bbox 2380 1973 2581 2028; x_wconf 75' lang='lat' dir='ltr'><strong>maxi-</strong></span> 
     </span>
     <span class='ocr_line' id='line_1_20' title="bbox 396 2051 2581 2132; baseline -0.001 -19"><span class='ocrx_word' id='word_1_174' title='bbox 396 2076 558 2113; x_wconf 85' lang='lat' dir='ltr'><strong>mam</strong></span> <span class='ocrx_word' id='word_1_175' title='bbox 575 2065 814 2132; x_wconf 70' lang='grc' dir='ltr'><strong>ραι-[ειη</strong></span> <span class='ocrx_word' id='word_1_176' title='bbox 837 2054 1193 2110; x_wconf 71' lang='lat' dir='ltr'><strong>disiecerunt</strong></span> <span class='ocrx_word' id='word_1_177' title='bbox 1221 2054 1288 2109; x_wconf 84' lang='lat' dir='ltr'><strong>in</strong></span> <span class='ocrx_word' id='word_1_178' title='bbox 1296 2052 1551 2130; x_wconf 78' lang='lat' dir='ltr'><strong>sugam.</strong></span> <span class='ocrx_word' id='word_1_179' title='bbox 1643 2051 1891 2109; x_wconf 77' lang='lat' dir='ltr'><strong>telorum</strong></span> <span class='ocrx_word' id='word_1_180' title='bbox 1911 2054 2206 2132; x_wconf 80' lang='lat' dir='ltr'><strong>grandini</strong></span> <span class='ocrx_word' id='word_1_181' title='bbox 2222 2057 2430 2111; x_wconf 72' lang='lat' dir='ltr'><strong>restitit</strong></span> <span class='ocrx_word' id='word_1_182' title='bbox 2457 2055 2581 2112; x_wconf 77' lang='lat' dir='ltr'><strong>ali-</strong></span> 
     </span>
     <span class='ocr_line' id='line_1_21' title="bbox 395 2137 2581 2219; baseline -0.001 -21"><span class='ocrx_word' id='word_1_183' title='bbox 395 2141 695 2219; x_wconf 67' lang='lat' dir='ltr'><strong>quamdam</strong></span> <span class='ocrx_word' id='word_1_184' title='bbox 723 2138 1010 2196; x_wconf 84' lang='lat' dir='ltr'><strong>Salomon</strong></span> <span class='ocrx_word' id='word_1_185' title='bbox 1043 2158 1182 2195; x_wconf 86' lang='lat' dir='ltr'><strong>cum</strong></span> <span class='ocrx_word' id='word_1_186' title='bbox 1204 2158 1409 2213; x_wconf 76' lang='lat' dir='ltr'><strong>parva</strong></span> <span class='ocrx_word' id='word_1_187' title='bbox 1439 2157 1683 2195; x_wconf 76' lang='lat' dir='ltr'><strong>suomm</strong></span> <span class='ocrx_word' id='word_1_188' title='bbox 1712 2157 1941 2196; x_wconf 80' lang='lat' dir='ltr'><strong>mame--</strong></span> <span class='ocrx_word' id='word_1_189' title='bbox 1915 2181 1935 2209; x_wconf 85' lang='grc'>,</span> <span class='ocrx_word' id='word_1_190' title='bbox 1994 2139 2101 2215; x_wconf 78' lang='lat' dir='ltr'><strong>qui</strong></span> <span class='ocrx_word' id='word_1_191' title='bbox 2139 2137 2352 2195; x_wconf 65' lang='lat' dir='ltr'><strong>hostib!</strong></span> <span class='ocrx_word' id='word_1_192' title='bbox 2334 2160 2405 2196; x_wconf 78' lang='grc' dir='ltr'><strong>ιε</strong></span> <span class='ocrx_word' id='word_1_193' title='bbox 2440 2149 2581 2196; x_wconf 77' lang='lat' dir='ltr'><strong>tcm-</strong></span> 
     </span>
     <span class='ocr_line' id='line_1_22' title="bbox 396 2221 2582 2302; baseline -0 -20"><span class='ocrx_word' id='word_1_194' title='bbox 396 2226 531 2282; x_wconf 83' lang='lat' dir='ltr'><strong>dem</strong></span> <span class='ocrx_word' id='word_1_195' title='bbox 547 2221 1039 2302; x_wconf 66' lang='lat' dir='ltr'><strong>praevalentibus</strong></span> <span class='ocrx_word' id='word_1_196' title='bbox 1069 2223 1263 2278; x_wconf 79' lang='lat' dir='ltr'><strong>coac-li</strong></span> <span class='ocrx_word' id='word_1_197' title='bbox 1288 2222 1486 2278; x_wconf 79' lang='lat' dir='ltr'><strong>cedere</strong></span> <span class='ocrx_word' id='word_1_198' title='bbox 1500 2263 1524 2291; x_wconf 88' lang='lat'><strong>,</strong></span> <span class='ocrx_word' id='word_1_199' title='bbox 1586 2242 1724 2277; x_wconf 81' lang='lat' dir='ltr'><strong>cum</strong></span> <span class='ocrx_word' id='word_1_200' title='bbox 1752 2221 1842 2277; x_wconf 82' lang='lat' dir='ltr'><strong>ad</strong></span> <span class='ocrx_word' id='word_1_201' title='bbox 1859 2224 1979 2278; x_wconf 72' lang='lat' dir='ltr'><strong>rivi</strong></span> <span class='ocrx_word' id='word_1_202' title='bbox 1995 2224 2259 2299; x_wconf 76' lang='lat' dir='ltr'><strong>proximi</strong></span> <span class='ocrx_word' id='word_1_203' title='bbox 2276 2226 2582 2301; x_wconf 74' lang='lat' dir='ltr'><strong>praecipi-</strong></span> 
     </span>
     <span class='ocr_line' id='line_1_23' title="bbox 398 2306 2583 2385; baseline -0.001 -18"><span class='ocrx_word' id='word_1_204' title='bbox 398 2320 515 2367; x_wconf 78' lang='lat' dir='ltr'><strong>tem</strong></span> <span class='ocrx_word' id='word_1_205' title='bbox 542 2309 786 2366; x_wconf 79' lang='lat' dir='ltr'><strong>alueum</strong></span> <span class='ocrx_word' id='word_1_206' title='bbox 821 2307 1252 2365; x_wconf 69' lang='lat' dir='ltr'><strong>contentissime</strong></span> <span class='ocrx_word' id='word_1_207' title='bbox 1261 2306 1578 2385; x_wconf 79' lang='lat' dir='ltr'><strong>fugientes</strong></span> <span class='ocrx_word' id='word_1_208' title='bbox 1607 2306 1928 2375; x_wconf 65' lang='lat' dir='ltr'><strong>veni-mut,</strong></span> <span class='ocrx_word' id='word_1_209' title='bbox 1969 2306 2278 2362; x_wconf 76' lang='lat' dir='ltr'><strong>succidens</strong></span> <span class='ocrx_word' id='word_1_210' title='bbox 2312 2310 2374 2363; x_wconf 87' lang='lat' dir='ltr'><strong>in</strong></span> <span class='ocrx_word' id='word_1_211' title='bbox 2404 2327 2583 2365; x_wconf 80' lang='lat' dir='ltr'><strong>crura</strong></span> 
     </span>
     <span class='ocr_line' id='line_1_24' title="bbox 399 2389 2584 2473; baseline 0 -23"><span class='ocrx_word' id='word_1_212' title='bbox 399 2413 585 2473; x_wconf 69' lang='lat' dir='ltr'><strong>equus</strong></span> <span class='ocrx_word' id='word_1_213' title='bbox 626 2393 1002 2450; x_wconf 82' lang='lat' dir='ltr'><strong>Salomonem</strong></span> <span class='ocrx_word' id='word_1_214' title='bbox 1047 2392 1317 2449; x_wconf 73' lang='lat' dir='ltr'><strong>excussit.</strong></span> <span class='ocrx_word' id='word_1_215' title='bbox 1408 2391 1514 2447; x_wconf 80' lang='lat' dir='ltr'><strong>ille</strong></span> <span class='ocrx_word' id='word_1_216' title='bbox 1533 2399 1933 2468; x_wconf 79' lang='lat' dir='ltr'><strong>protectorum</strong></span> <span class='ocrx_word' id='word_1_217' title='bbox 1968 2389 2245 2446; x_wconf 70' lang='lat' dir='ltr'><strong>manibus</strong></span> <span class='ocrx_word' id='word_1_218' title='bbox 2274 2393 2584 2468; x_wconf 51' lang='lat' dir='ltr'><strong>confestim</strong></span> 
     </span>
     <span class='ocr_line' id='line_1_25' title="bbox 400 2474 2582 2555; baseline -0 -20"><span class='ocrx_word' id='word_1_219' title='bbox 400 2489 624 2535; x_wconf 66' lang='lat' dir='ltr'><strong>erectus</strong></span> <span class='ocrx_word' id='word_1_220' title='bbox 648 2489 705 2534; x_wconf 74' lang='lat' dir='ltr'><strong>et</strong></span> <span class='ocrx_word' id='word_1_221' title='bbox 730 2480 795 2534; x_wconf 86' lang='lat' dir='ltr'><strong>in</strong></span> <span class='ocrx_word' id='word_1_222' title='bbox 826 2496 1044 2555; x_wconf 78' lang='lat' dir='ltr'><strong>equum</strong></span> <span class='ocrx_word' id='word_1_223' title='bbox 1068 2474 1369 2546; x_wconf 73' lang='lat' dir='ltr'><strong>sublatus,</strong></span> <span class='ocrx_word' id='word_1_224' title='bbox 1402 2495 1539 2532; x_wconf 80' lang='lat' dir='ltr'><strong>cum</strong></span> <span class='ocrx_word' id='word_1_225' title='bbox 1555 2494 1712 2552; x_wconf 81' lang='lat' dir='ltr'><strong>prae</strong></span> <span class='ocrx_word' id='word_1_226' title='bbox 1737 2474 1936 2531; x_wconf 80' lang='lat' dir='ltr'><strong>dolore</strong></span> <span class='ocrx_word' id='word_1_227' title='bbox 1961 2476 2145 2531; x_wconf 84' lang='lat' dir='ltr'><strong>nimio</strong></span> <span class='ocrx_word' id='word_1_228' title='bbox 2172 2495 2296 2531; x_wconf 82' lang='lat' dir='ltr'><strong>mm</strong></span> <span class='ocrx_word' id='word_1_229' title='bbox 2323 2487 2582 2534; x_wconf 80' lang='lat' dir='ltr'><strong>tractare</strong></span> 
     </span>
     <span class='ocr_line' id='line_1_26' title="bbox 381 2556 2584 2643; baseline -0 -23"><span class='ocrx_word' id='word_1_230' title='bbox 381 2563 642 2643; x_wconf 77' lang='lat' dir='ltr'><strong>frenum</strong></span> <span class='ocrx_word' id='word_1_231' title='bbox 671 2565 941 2642; x_wconf 77' lang='lat' dir='ltr'><strong>nequiret</strong></span> <span class='ocrx_word' id='word_1_232' title='bbox 954 2604 977 2631; x_wconf 89' lang='lat'><strong>,</strong></span> <span class='ocrx_word' id='word_1_233' title='bbox 1044 2559 1497 2638; x_wconf 76' lang='lat' dir='ltr'><strong>comprehensus</strong></span> <span class='ocrx_word' id='word_1_234' title='bbox 1542 2581 1584 2616; x_wconf 84' lang='lat' dir='ltr'><strong>a</strong></span> <span class='ocrx_word' id='word_1_235' title='bbox 1625 2556 1899 2617; x_wconf 71' lang='lat' dir='ltr'><strong>barbaris</strong></span> <span class='ocrx_word' id='word_1_236' title='bbox 1934 2560 2270 2617; x_wconf 73' lang='lat' dir='ltr'><strong>trucidatur</strong></span> <span class='ocrx_word' id='word_1_237' title='bbox 2291 2581 2416 2619; x_wconf 80' lang='lat' dir='ltr'><strong>una</strong></span> <span class='ocrx_word' id='word_1_238' title='bbox 2444 2582 2584 2619; x_wconf 85' lang='lat' dir='ltr'><strong>cum</strong></span> 
     </span>
     <span class='ocr_line' id='line_1_27' title="bbox 397 2645 2586 2725; baseline 0 -20"><span class='ocrx_word' id='word_1_239' title='bbox 397 2651 754 2725; x_wconf 77' lang='lat' dir='ltr'><strong>stipatorum</strong></span> <span class='ocrx_word' id='word_1_240' title='bbox 794 2667 913 2705; x_wconf 84' lang='lat' dir='ltr'><strong>non</strong></span> <span class='ocrx_word' id='word_1_241' title='bbox 952 2648 1196 2724; x_wconf 71' lang='lat' dir='ltr'><strong>palmis.</strong></span> <span class='ocrx_word' id='word_1_242' title='bbox 1313 2646 1477 2705; x_wconf 80' lang='lat' dir='ltr'><strong>hunc</strong></span> <span class='ocrx_word' id='word_1_243' title='bbox 1537 2645 1824 2705; x_wconf 83' lang='lat' dir='ltr'><strong>Salomon</strong></span> <span class='ocrx_word' id='word_1_244' title='bbox 1878 2645 2040 2703; x_wconf 65' lang='lat' dir='ltr'><strong>vitae</strong></span> <span class='ocrx_word' id='word_1_245' title='bbox 2097 2647 2316 2703; x_wconf 76' lang='lat' dir='ltr'><strong>exilum</strong></span> <span class='ocrx_word' id='word_1_246' title='bbox 2369 2646 2586 2706; x_wconf 74' lang='lat' dir='ltr'><strong>habuit</strong></span> 
     </span>
    </p>
   </div>
   <div class='ocr_carea' id='block_1_3' title="bbox 394 2730 735 2799">
    <p class='ocr_par' dir='ltr' id='par_1_3' title="bbox 394 2730 735 2799">
     <span class='ocr_line' id='line_1_28' title="bbox 394 2730 735 2799; baseline -0.009 0"><span class='ocrx_word' id='word_1_247' title='bbox 394 2753 554 2792; x_wconf 76' lang='lat' dir='ltr'><strong>anuo</strong></span> <span class='ocrx_word' id='word_1_248' title='bbox 574 2730 735 2799; x_wconf 69' lang='lat'><strong>543.</strong></span> 
     </span>
    </p>
   </div>
   <div class='ocr_carea' id='block_1_4' title="bbox 400 2844 2648 3525">
    <p class='ocr_par' dir='ltr' id='par_1_4' title="bbox 400 2844 2648 3525">
     <span class='ocr_line' id='line_1_29' title="bbox 570 2844 2587 2931; baseline -0.002 -16"><span class='ocrx_word' id='word_1_249' title='bbox 570 2851 714 2917; x_wconf 81' lang='lat'><strong>478.</strong></span> <span class='ocrx_word' id='word_1_250' title='bbox 799 2849 963 2910; x_wconf 80' lang='lat' dir='ltr'><strong>varie</strong></span> <span class='ocrx_word' id='word_1_251' title='bbox 989 2849 1277 2929; x_wconf 84' lang='lat' dir='ltr'><strong>scriptum</strong></span> <span class='ocrx_word' id='word_1_252' title='bbox 1299 2858 1389 2908; x_wconf 88' lang='lat' dir='ltr'><strong>est</strong></span> <span class='ocrx_word' id='word_1_253' title='bbox 1411 2844 1527 2907; x_wconf 87' lang='lat' dir='ltr'><strong>hoc</strong></span> <span class='ocrx_word' id='word_1_254' title='bbox 1550 2868 1772 2908; x_wconf 87' lang='lat' dir='ltr'><strong>nomen</strong></span> <span class='ocrx_word' id='word_1_255' title='bbox 1800 2850 1863 2908; x_wconf 87' lang='lat' dir='ltr'><strong>iu</strong></span> <span class='ocrx_word' id='word_1_256' title='bbox 1889 2859 2090 2909; x_wconf 85' lang='lat' dir='ltr'><strong>nostro</strong></span> <span class='ocrx_word' id='word_1_257' title='bbox 2119 2846 2338 2931; x_wconf 84' lang='lat' dir='ltr'><strong>codice.</strong></span> <span class='ocrx_word' id='word_1_258' title='bbox 2425 2850 2587 2912; x_wconf 79' lang='lat' dir='ltr'><strong>infra.</strong></span> 
     </span>
     <span class='ocr_line' id='line_1_30' title="bbox 400 2931 2582 3016; baseline -0.002 -19"><span class='ocrx_word' id='word_1_259' title='bbox 400 2938 564 2997; x_wconf 85' lang='lat' dir='ltr'><strong>enim</strong></span> <span class='ocrx_word' id='word_1_260' title='bbox 593 2941 634 3001; x_wconf 81' lang='lat'><strong>2</strong></span> <span class='ocrx_word' id='word_1_261' title='bbox 662 2940 774 3011; x_wconf 87' lang='grc'><strong>87,</strong></span> <span class='ocrx_word' id='word_1_262' title='bbox 818 2939 923 3010; x_wconf 87' lang='grc'><strong>96,</strong></span> <span class='ocrx_word' id='word_1_263' title='bbox 971 2939 1112 3010; x_wconf 89' lang='grc'><strong>107,</strong></span> <span class='ocrx_word' id='word_1_264' title='bbox 1157 2938 1282 2999; x_wconf 82' lang='grc'><strong>210</strong></span> <span class='ocrx_word' id='word_1_265' title='bbox 1304 2944 1366 2992; x_wconf 80' lang='lat' dir='ltr'><strong>‘et</strong></span> <span class='ocrx_word' id='word_1_266' title='bbox 1392 2931 1514 2998; x_wconf 84' lang='lat'><strong>345</strong></span> <span class='ocrx_word' id='word_1_267' title='bbox 1547 2946 1638 2994; x_wconf 85' lang='lat' dir='ltr'><strong>est</strong></span> <span class='ocrx_word' id='word_1_268' title='bbox 1665 2954 1800 2993; x_wconf 83' lang='lat' dir='ltr'><strong>cum</strong></span> <span class='ocrx_word' id='word_1_269' title='bbox 1830 2934 2227 3016; x_wconf 77' lang='lat' dir='ltr'><strong>adspiratione</strong></span> <span class='ocrx_word' id='word_1_270' title='bbox 2256 2935 2542 3015; x_wconf 70' lang='lat' dir='ltr'><strong>hiluguas</strong></span> <span class='ocrx_word' id='word_1_271' title='bbox 2555 2959 2582 3007; x_wconf 83' lang='lat'><strong>‚-</strong></span> 
     </span>
     <span class='ocr_line' id='line_1_31' title="bbox 400 3017 2585 3095; baseline -0.001 -14"><span class='ocrx_word' id='word_1_272' title='bbox 400 3022 510 3081; x_wconf 62' lang='lat' dir='ltr'><strong>sed</strong></span> <span class='ocrx_word' id='word_1_273' title='bbox 534 3042 733 3080; x_wconf 81' lang='lat' dir='ltr'><strong>rursus</strong></span> <span class='ocrx_word' id='word_1_274' title='bbox 764 3041 832 3080; x_wconf 90' lang='lat' dir='ltr'><strong>ea</strong></span> <span class='ocrx_word' id='word_1_275' title='bbox 859 3023 1134 3079; x_wconf 87' lang='lat' dir='ltr'><strong>abiicitur</strong></span> <span class='ocrx_word' id='word_1_276' title='bbox 1155 3017 1197 3082; x_wconf 79' lang='grc'><strong>4</strong></span> <span class='ocrx_word' id='word_1_277' title='bbox 1226 3020 1368 3082; x_wconf 77' lang='grc'><strong>874.</strong></span> <span class='ocrx_word' id='word_1_278' title='bbox 1454 3020 1607 3078; x_wconf 87' lang='lat' dir='ltr'><strong>libro</strong></span> <span class='ocrx_word' id='word_1_279' title='bbox 1636 3031 1836 3078; x_wconf 89' lang='lat' dir='ltr'><strong>antem</strong></span> <span class='ocrx_word' id='word_1_280' title='bbox 1864 3021 1934 3095; x_wconf 87' lang='lat'><strong>5,</strong></span> <span class='ocrx_word' id='word_1_281' title='bbox 1992 3022 2096 3078; x_wconf 85' lang='lat' dir='ltr'><strong>ubi</strong></span> <span class='ocrx_word' id='word_1_282' title='bbox 2126 3023 2307 3079; x_wconf 86' lang='lat' dir='ltr'><strong>octies</strong></span> <span class='ocrx_word' id='word_1_283' title='bbox 2333 3023 2585 3079; x_wconf 81' lang='lat' dir='ltr'><strong>occurrit</strong></span> 
     </span>
     <span class='ocr_line' id='line_1_32' title="bbox 401 3103 2583 3183; baseline -0.001 -19"><span class='ocrx_word' id='word_1_284' title='bbox 401 3108 563 3166; x_wconf 87' lang='lat' dir='ltr'><strong>idem</strong></span> <span class='ocrx_word' id='word_1_285' title='bbox 586 3127 842 3181; x_wconf 86' lang='lat' dir='ltr'><strong>nomen,</strong></span> <span class='ocrx_word' id='word_1_286' title='bbox 897 3116 959 3164; x_wconf 89' lang='lat' dir='ltr'><strong>et</strong></span> <span class='ocrx_word' id='word_1_287' title='bbox 983 3110 1024 3169; x_wconf 87' lang='grc'><strong>7</strong></span> <span class='ocrx_word' id='word_1_288' title='bbox 1044 3149 1060 3180; x_wconf 89' lang='grc'><strong>,</strong></span> <span class='ocrx_word' id='word_1_289' title='bbox 1116 3105 1222 3161; x_wconf 90' lang='lat' dir='ltr'><strong>ubi</strong></span> <span class='ocrx_word' id='word_1_290' title='bbox 1254 3105 1350 3163; x_wconf 85' lang='lat' dir='ltr'><strong>bis</strong></span> <span class='ocrx_word' id='word_1_291' title='bbox 1387 3105 1641 3183; x_wconf 86' lang='lat' dir='ltr'><strong>legitur,</strong></span> <span class='ocrx_word' id='word_1_292' title='bbox 1697 3125 1810 3163; x_wconf 84' lang='lat' dir='ltr'><strong>nec</strong></span> <span class='ocrx_word' id='word_1_293' title='bbox 1852 3125 1975 3164; x_wconf 88' lang='lat' dir='ltr'><strong>non</strong></span> <span class='ocrx_word' id='word_1_294' title='bbox 2013 3109 2077 3164; x_wconf 87' lang='lat' dir='ltr'><strong>in</strong></span> <span class='ocrx_word' id='word_1_295' title='bbox 2102 3103 2408 3164; x_wconf 73' lang='lat' dir='ltr'><strong>Perioclnis</strong></span> <span class='ocrx_word' id='word_1_296' title='bbox 2434 3104 2511 3163; x_wconf 87' lang='lat' dir='ltr'><strong>ad</strong></span> <span class='ocrx_word' id='word_1_297' title='bbox 2541 3108 2583 3168; x_wconf 79' lang='lat'>2</span> 
     </span>
     <span class='ocr_line' id='line_1_33' title="bbox 401 3188 2583 3269; baseline -0.005 -12"><span class='ocrx_word' id='word_1_298' title='bbox 401 3192 554 3265; x_wconf 79' lang='lat'><strong>345,</strong></span> <span class='ocrx_word' id='word_1_299' title='bbox 601 3202 688 3249; x_wconf 86' lang='lat' dir='ltr'><strong>est</strong></span> <span class='ocrx_word' id='word_1_300' title='bbox 711 3191 998 3269; x_wconf 65' lang='lat' dir='ltr'><strong>Ila-eguus</strong></span> <span class='ocrx_word' id='word_1_301' title='bbox 1037 3189 1262 3269; x_wconf 85' lang='lat' dir='ltr'><strong>absque</strong></span> <span class='ocrx_word' id='word_1_302' title='bbox 1305 3191 1659 3267; x_wconf 86' lang='lat' dir='ltr'><strong>aspiratione</strong></span> <span class='ocrx_word' id='word_1_303' title='bbox 1702 3201 1760 3247; x_wconf 90' lang='lat' dir='ltr'><strong>et</strong></span> <span class='ocrx_word' id='word_1_304' title='bbox 1802 3188 2004 3248; x_wconf 83' lang='lat' dir='ltr'><strong>addita</strong></span> <span class='ocrx_word' id='word_1_305' title='bbox 2044 3213 2073 3247; x_wconf 79' lang='lat' dir='ltr'><strong>s</strong></span> <span class='ocrx_word' id='word_1_306' title='bbox 2103 3193 2162 3246; x_wconf 87' lang='lat' dir='ltr'><strong>in</strong></span> <span class='ocrx_word' id='word_1_307' title='bbox 2190 3189 2410 3249; x_wconf 74' lang='lat' dir='ltr'><strong>medio,</strong></span> <span class='ocrx_word' id='word_1_308' title='bbox 2497 3192 2583 3249; x_wconf 86' lang='lat' dir='ltr'><strong>sic</strong></span> 
     </span>
     <span class='ocr_line' id='line_1_34' title="bbox 400 3270 2648 3354; baseline -0 -20"><span class='ocrx_word' id='word_1_309' title='bbox 400 3274 585 3354; x_wconf 79' lang='lat' dir='ltr'><strong>igitur</strong></span> <span class='ocrx_word' id='word_1_310' title='bbox 611 3280 826 3334; x_wconf 85' lang='lat' dir='ltr'><strong>rectius</strong></span> <span class='ocrx_word' id='word_1_311' title='bbox 852 3275 1002 3332; x_wconf 86' lang='lat' dir='ltr'><strong>duxi</strong></span> <span class='ocrx_word' id='word_1_312' title='bbox 1022 3277 1309 3353; x_wconf 85' lang='lat' dir='ltr'><strong>scriptum</strong></span> <span class='ocrx_word' id='word_1_313' title='bbox 1336 3275 1521 3333; x_wconf 80' lang='lat' dir='ltr'><strong>fuisse</strong></span> <span class='ocrx_word' id='word_1_314' title='bbox 1546 3272 1663 3331; x_wconf 87' lang='lat' dir='ltr'><strong>hoc</strong></span> <span class='ocrx_word' id='word_1_315' title='bbox 1687 3294 1906 3331; x_wconf 88' lang='lat' dir='ltr'><strong>nomen</strong></span> <span class='ocrx_word' id='word_1_316' title='bbox 1930 3277 2138 3353; x_wconf 86' lang='lat' dir='ltr'><strong>populi</strong></span> <span class='ocrx_word' id='word_1_317' title='bbox 2165 3277 2401 3333; x_wconf 81' lang='lat' dir='ltr'><strong>Africae</strong></span> <span class='ocrx_word' id='word_1_318' title='bbox 2426 3273 2580 3333; x_wconf 86' lang='lat' dir='ltr'><strong>huc-</strong></span> <span class='ocrx_word' id='word_1_319' title='bbox 2645 3270 2648 3273; x_wconf 36' lang='lat'><strong>⁴</strong></span> 
     </span>
     <span class='ocr_line' id='line_1_35' title="bbox 401 3358 2582 3441; baseline 0 -24"><span class='ocrx_word' id='word_1_320' title='bbox 401 3380 594 3441; x_wconf 86' lang='lat' dir='ltr'><strong>usque</strong></span> <span class='ocrx_word' id='word_1_321' title='bbox 629 3363 850 3439; x_wconf 84' lang='lat' dir='ltr'><strong>ignoti,</strong></span> <span class='ocrx_word' id='word_1_322' title='bbox 901 3361 1000 3417; x_wconf 79' lang='lat' dir='ltr'><strong>vel</strong></span> <span class='ocrx_word' id='word_1_323' title='bbox 1048 3359 1298 3432; x_wconf 88' lang='lat' dir='ltr'><strong>saltem,</strong></span> <span class='ocrx_word' id='word_1_324' title='bbox 1356 3359 1429 3416; x_wconf 91' lang='lat' dir='ltr'><strong>de</strong></span> <span class='ocrx_word' id='word_1_325' title='bbox 1459 3379 1576 3439; x_wconf 91' lang='lat' dir='ltr'><strong>quo</strong></span> <span class='ocrx_word' id='word_1_326' title='bbox 1609 3360 1776 3417; x_wconf 85' lang='lat' dir='ltr'><strong>nulla</strong></span> <span class='ocrx_word' id='word_1_327' title='bbox 1812 3362 2039 3418; x_wconf 88' lang='lat' dir='ltr'><strong>mentio</strong></span> <span class='ocrx_word' id='word_1_328' title='bbox 2073 3369 2162 3418; x_wconf 90' lang='lat' dir='ltr'><strong>est</strong></span> <span class='ocrx_word' id='word_1_329' title='bbox 2190 3358 2352 3441; x_wconf 86' lang='lat' dir='ltr'><strong>apud</strong></span> <span class='ocrx_word' id='word_1_330' title='bbox 2381 3361 2582 3418; x_wconf 87' lang='lat' dir='ltr'><strong>Cella-</strong></span> 
     </span>
     <span class='ocr_line' id='line_1_36' title="bbox 400 3445 1620 3525; baseline -0.002 -21"><span class='ocrx_word' id='word_1_331' title='bbox 400 3448 559 3504; x_wconf 85' lang='lat' dir='ltr'><strong>rium</strong></span> <span class='ocrx_word' id='word_1_332' title='bbox 595 3458 652 3503; x_wconf 88' lang='lat' dir='ltr'><strong>et</strong></span> <span class='ocrx_word' id='word_1_333' title='bbox 684 3446 832 3503; x_wconf 88' lang='lat' dir='ltr'><strong>alios</strong></span> <span class='ocrx_word' id='word_1_334' title='bbox 858 3464 1008 3525; x_wconf 85' lang='lat' dir='ltr'><strong>quos</strong></span> <span class='ocrx_word' id='word_1_335' title='bbox 1034 3445 1305 3502; x_wconf 85' lang='lat' dir='ltr'><strong>consului</strong></span> <span class='ocrx_word' id='word_1_336' title='bbox 1332 3454 1620 3502; x_wconf 75' lang='lat' dir='ltr'><strong>auctores.</strong></span> 
     </span>
    </p>
   </div>
   <div class='ocr_carea' id='block_1_5' title="bbox 568 3543 1732 3616">
    <p class='ocr_par' dir='ltr' id='par_1_5' title="bbox 568 3543 1732 3616">
     <span class='ocr_line' id='line_1_37' title="bbox 568 3543 1732 3616; baseline -0.009 -5"><span class='ocrx_word' id='word_1_337' title='bbox 568 3547 715 3612; x_wconf 83' lang='lat'><strong>479.</strong></span> <span class='ocrx_word' id='word_1_338' title='bbox 798 3563 907 3603; x_wconf 83' lang='lat' dir='ltr'><strong>an:</strong></span> <span class='ocrx_word' id='word_1_339' title='bbox 954 3546 1187 3616; x_wconf 79' lang='lat' dir='ltr'><strong>Marte,</strong></span> <span class='ocrx_word' id='word_1_340' title='bbox 1225 3544 1339 3603; x_wconf 80' lang='lat' dir='ltr'><strong>tibi</strong></span> <span class='ocrx_word' id='word_1_341' title='bbox 1364 3556 1452 3602; x_wconf 71' lang='lat' dir='ltr'><strong>est</strong></span> <span class='ocrx_word' id='word_1_342' title='bbox 1478 3543 1732 3603; x_wconf 78' lang='lat' dir='ltr'><strong>notum?</strong></span> 
     </span>
    </p>
   </div>
   <div class='ocr_carea' id='block_1_6' title="bbox 399 3640 2585 4322">
    <p class='ocr_par' dir='ltr' id='par_1_6' title="bbox 399 3640 2585 4322">
     <span class='ocr_line' id='line_1_38' title="bbox 568 3640 2584 3714; baseline -0.005 -2"><span class='ocrx_word' id='word_1_343' title='bbox 568 3647 715 3714; x_wconf 82' lang='grc'><strong>480.</strong></span> <span class='ocrx_word' id='word_1_344' title='bbox 802 3666 883 3705; x_wconf 82' lang='lat' dir='ltr'><strong>ex</strong></span> <span class='ocrx_word' id='word_1_345' title='bbox 924 3643 1219 3705; x_wconf 81' lang='lat' dir='ltr'><strong>historicis</strong></span> <span class='ocrx_word' id='word_1_346' title='bbox 1262 3654 1492 3705; x_wconf 82' lang='lat' dir='ltr'><strong>constat</strong></span> <span class='ocrx_word' id='word_1_347' title='bbox 1537 3666 1694 3704; x_wconf 85' lang='lat' dir='ltr'><strong>anno</strong></span> <span class='ocrx_word' id='word_1_348' title='bbox 1736 3640 1956 3703; x_wconf 82' lang='lat' dir='ltr'><strong>Christi</strong></span> <span class='ocrx_word' id='word_1_349' title='bbox 1991 3647 2113 3708; x_wconf 78' lang='lat'><strong>298</strong></span> <span class='ocrx_word' id='word_1_350' title='bbox 2146 3642 2584 3704; x_wconf 83' lang='lat' dir='ltr'><strong>Maximianum</strong></span> 
     </span>
     <span class='ocr_line' id='line_1_39' title="bbox 402 3729 2584 3809; baseline -0.002 -16"><span class='ocrx_word' id='word_1_351' title='bbox 402 3735 764 3793; x_wconf 80' lang='lat' dir='ltr'><strong>Herculeum</strong></span> <span class='ocrx_word' id='word_1_352' title='bbox 785 3735 851 3790; x_wconf 86' lang='lat' dir='ltr'><strong>in</strong></span> <span class='ocrx_word' id='word_1_353' title='bbox 877 3733 1081 3790; x_wconf 86' lang='lat' dir='ltr'><strong>Africa</strong></span> <span class='ocrx_word' id='word_1_354' title='bbox 1108 3729 1500 3790; x_wconf 80' lang='lat' dir='ltr'><strong>debellavisse</strong></span> <span class='ocrx_word' id='word_1_355' title='bbox 1529 3730 1768 3789; x_wconf 85' lang='lat' dir='ltr'><strong>Mauros</strong></span> <span class='ocrx_word' id='word_1_356' title='bbox 1799 3730 2384 3809; x_wconf 80' lang='lat' dir='ltr'><strong>Quinquegentianos</strong></span> <span class='ocrx_word' id='word_1_357' title='bbox 2405 3749 2584 3809; x_wconf 83' lang='lat' dir='ltr'><strong>aspe-</strong></span> 
     </span>
     <span class='ocr_line' id='line_1_40' title="bbox 399 3813 2584 3895; baseline -0.002 -18"><span class='ocrx_word' id='word_1_358' title='bbox 399 3822 576 3877; x_wconf 84' lang='lat' dir='ltr'><strong>ritate</strong></span> <span class='ocrx_word' id='word_1_359' title='bbox 599 3819 867 3877; x_wconf 86' lang='lat' dir='ltr'><strong>locorum</strong></span> <span class='ocrx_word' id='word_1_360' title='bbox 896 3815 1289 3891; x_wconf 84' lang='lat' dir='ltr'><strong>confidentes,</strong></span> <span class='ocrx_word' id='word_1_361' title='bbox 1348 3827 1526 3895; x_wconf 84' lang='lat' dir='ltr'><strong>atque</strong></span> <span class='ocrx_word' id='word_1_362' title='bbox 1545 3860 1561 3890; x_wconf 94' lang='lat'><strong>,</strong></span> <span class='ocrx_word' id='word_1_363' title='bbox 1625 3836 1703 3873; x_wconf 83' lang='lat' dir='ltr'><strong>ne</strong></span> <span class='ocrx_word' id='word_1_364' title='bbox 1744 3815 2134 3873; x_wconf 86' lang='lat' dir='ltr'><strong>rebellionem</strong></span> <span class='ocrx_word' id='word_1_365' title='bbox 2168 3813 2365 3874; x_wconf 86' lang='lat' dir='ltr'><strong>denuo</strong></span> <span class='ocrx_word' id='word_1_366' title='bbox 2400 3817 2584 3873; x_wconf 86' lang='lat' dir='ltr'><strong>moli-</strong></span> 
     </span>
     <span class='ocr_line' id='line_1_41' title="bbox 402 3897 2584 3981; baseline -0 -21"><span class='ocrx_word' id='word_1_367' title='bbox 402 3915 638 3978; x_wconf 82' lang='lat' dir='ltr'><strong>rentur,</strong></span> <span class='ocrx_word' id='word_1_368' title='bbox 683 3904 744 3959; x_wconf 87' lang='lat' dir='ltr'><strong>in</strong></span> <span class='ocrx_word' id='word_1_369' title='bbox 769 3905 948 3981; x_wconf 86' lang='lat' dir='ltr'><strong>plana</strong></span> <span class='ocrx_word' id='word_1_370' title='bbox 979 3899 1323 3960; x_wconf 80' lang='lat' dir='ltr'><strong>deduxisse.</strong></span> <span class='ocrx_word' id='word_1_371' title='bbox 1408 3903 1656 3979; x_wconf 87' lang='lat' dir='ltr'><strong>Eutrop.</strong></span> <span class='ocrx_word' id='word_1_372' title='bbox 1680 3902 1739 3973; x_wconf 86' lang='lat'><strong>9,</strong></span> <span class='ocrx_word' id='word_1_373' title='bbox 1786 3900 1951 3959; x_wconf 83' lang='lat' dir='ltr'><strong>Oros.</strong></span> <span class='ocrx_word' id='word_1_374' title='bbox 1981 3901 2020 3962; x_wconf 88' lang='lat'>7</span> <span class='ocrx_word' id='word_1_375' title='bbox 2048 3899 2160 3973; x_wconf 80' lang='lat'><strong>25,</strong></span> <span class='ocrx_word' id='word_1_376' title='bbox 2205 3910 2265 3958; x_wconf 88' lang='lat' dir='ltr'><strong>et</strong></span> <span class='ocrx_word' id='word_1_377' title='bbox 2291 3897 2391 3960; x_wconf 84' lang='lat' dir='ltr'><strong>hic</strong></span> <span class='ocrx_word' id='word_1_378' title='bbox 2425 3901 2584 3959; x_wconf 85' lang='lat' dir='ltr'><strong>infra</strong></span> 
     </span>
     <span class='ocr_line' id='line_1_42' title="bbox 399 3983 2584 4064; baseline 0 -22"><span class='ocrx_word' id='word_1_379' title='bbox 399 3987 439 4042; x_wconf 83' lang='lat'>4</span> <span class='ocrx_word' id='word_1_380' title='bbox 462 3990 617 4059; x_wconf 79' lang='lat'><strong>823,</strong></span> <span class='ocrx_word' id='word_1_381' title='bbox 661 3988 765 4044; x_wconf 88' lang='lat' dir='ltr'><strong>ubi</strong></span> <span class='ocrx_word' id='word_1_382' title='bbox 804 4006 1003 4044; x_wconf 86' lang='lat' dir='ltr'><strong>rursus</strong></span> <span class='ocrx_word' id='word_1_383' title='bbox 1039 3985 1191 4045; x_wconf 86' lang='lat' dir='ltr'><strong>haec</strong></span> <span class='ocrx_word' id='word_1_384' title='bbox 1231 3988 1410 4043; x_wconf 81' lang='lat' dir='ltr'><strong>iactat</strong></span> <span class='ocrx_word' id='word_1_385' title='bbox 1442 3987 1664 4043; x_wconf 86' lang='lat' dir='ltr'><strong>Bruteu</strong></span> <span class='ocrx_word' id='word_1_386' title='bbox 1696 3983 1771 4041; x_wconf 88' lang='lat' dir='ltr'><strong>ad</strong></span> <span class='ocrx_word' id='word_1_387' title='bbox 1801 3984 2231 4043; x_wconf 84' lang='lat' dir='ltr'><strong>confirmandos</strong></span> <span class='ocrx_word' id='word_1_388' title='bbox 2260 3988 2584 4064; x_wconf 85' lang='lat' dir='ltr'><strong>Languan-</strong></span> 
     </span>
     <span class='ocr_line' id='line_1_43' title="bbox 402 4067 2585 4150; baseline -0.002 -19"><span class='ocrx_word' id='word_1_389' title='bbox 402 4081 539 4142; x_wconf 83' lang='lat' dir='ltr'><strong>tan,</strong></span> <span class='ocrx_word' id='word_1_390' title='bbox 584 4091 836 4150; x_wconf 86' lang='lat' dir='ltr'><strong>quorum</strong></span> <span class='ocrx_word' id='word_1_391' title='bbox 863 4070 992 4129; x_wconf 81' lang='lat' dir='ltr'><strong>dux</strong></span> <span class='ocrx_word' id='word_1_392' title='bbox 1022 4083 1178 4147; x_wconf 89' lang='lat' dir='ltr'><strong>erat,</strong></span> <span class='ocrx_word' id='word_1_393' title='bbox 1222 4073 1288 4130; x_wconf 86' lang='lat' dir='ltr'><strong>in</strong></span> <span class='ocrx_word' id='word_1_394' title='bbox 1319 4071 1482 4129; x_wconf 87' lang='lat' dir='ltr'><strong>bello</strong></span> <span class='ocrx_word' id='word_1_395' title='bbox 1516 4081 1720 4128; x_wconf 77' lang='lat' dir='ltr'><strong>eontra</strong></span> <span class='ocrx_word' id='word_1_396' title='bbox 1747 4067 2099 4128; x_wconf 85' lang='lat' dir='ltr'><strong>Iohannem.</strong></span> <span class='ocrx_word' id='word_1_397' title='bbox 2182 4080 2448 4129; x_wconf 84' lang='lat' dir='ltr'><strong>attamen</strong></span> <span class='ocrx_word' id='word_1_398' title='bbox 2483 4067 2585 4127; x_wconf 73' lang='lat' dir='ltr'><strong>ki-</strong></span> 
     </span>
     <span class='ocr_line' id='line_1_44' title="bbox 403 4151 2584 4236; baseline -0.001 -23"><span class='ocrx_word' id='word_1_399' title='bbox 403 4157 609 4213; x_wconf 83' lang='lat' dir='ltr'><strong>storioi</strong></span> <span class='ocrx_word' id='word_1_400' title='bbox 650 4157 826 4213; x_wconf 78' lang='lat' dir='ltr'><strong>silent</strong></span> <span class='ocrx_word' id='word_1_401' title='bbox 874 4152 948 4213; x_wconf 85' lang='lat' dir='ltr'><strong>de</strong></span> <span class='ocrx_word' id='word_1_402' title='bbox 990 4165 1166 4233; x_wconf 81' lang='lat' dir='ltr'><strong>gente</strong></span> <span class='ocrx_word' id='word_1_403' title='bbox 1204 4151 1319 4214; x_wconf 86' lang='lat' dir='ltr'><strong>hac</strong></span> <span class='ocrx_word' id='word_1_404' title='bbox 1340 4200 1357 4230; x_wconf 93' lang='lat'><strong>,</strong></span> <span class='ocrx_word' id='word_1_405' title='bbox 1410 4173 1594 4236; x_wconf 86' lang='lat' dir='ltr'><strong>quam</strong></span> <span class='ocrx_word' id='word_1_406' title='bbox 1644 4163 1845 4214; x_wconf 83' lang='lat' dir='ltr'><strong>noster</strong></span> <span class='ocrx_word' id='word_1_407' title='bbox 1887 4159 2064 4233; x_wconf 66' lang='lat' dir='ltr'><strong>poeta</strong></span> <span class='ocrx_word' id='word_1_408' title='bbox 2102 4167 2272 4215; x_wconf 75' lang='lat' dir='ltr'><strong>vocat</strong></span> <span class='ocrx_word' id='word_1_409' title='bbox 2295 4158 2584 4233; x_wconf 79' lang='lat' dir='ltr'><strong>Ilasguas,</strong></span> 
     </span>
     <span class='ocr_line' id='line_1_45' title="bbox 404 4238 1900 4322; baseline 0.001 -26"><span class='ocrx_word' id='word_1_410' title='bbox 404 4258 709 4319; x_wconf 81' lang='lat' dir='ltr'><strong>quamque</strong></span> <span class='ocrx_word' id='word_1_411' title='bbox 738 4242 1142 4301; x_wconf 82' lang='lat' dir='ltr'><strong>Maximianus</strong></span> <span class='ocrx_word' id='word_1_412' title='bbox 1164 4244 1307 4320; x_wconf 83' lang='lat' dir='ltr'><strong>ipse·</strong></span> <span class='ocrx_word' id='word_1_413' title='bbox 1329 4238 1572 4304; x_wconf 82' lang='lat' dir='ltr'><strong>domare</strong></span> <span class='ocrx_word' id='word_1_414' title='bbox 1604 4241 1900 4322; x_wconf 79' lang='lat' dir='ltr'><strong>nequivit.</strong></span> 
     </span>
    </p>
   </div>
   <div class='ocr_carea' id='block_1_7' title="bbox 571 4339 2596 4422">
    <p class='ocr_par' dir='ltr' id='par_1_7' title="bbox 571 4339 2596 4422">
     <span class='ocr_line' id='line_1_46' title="bbox 571 4339 2596 4422; baseline -0.005 -17"><span class='ocrx_word' id='word_1_415' title='bbox 571 4339 720 4404; x_wconf 80' lang='grc'><strong>488.</strong></span> <span class='ocrx_word' id='word_1_416' title='bbox 805 4342 1033 4399; x_wconf 80' lang='lat' dir='ltr'><strong>mittere</strong></span> <span class='ocrx_word' id='word_1_417' title='bbox 1070 4339 1171 4400; x_wconf 82' lang='lat' dir='ltr'><strong>hic</strong></span> <span class='ocrx_word' id='word_1_418' title='bbox 1208 4353 1298 4401; x_wconf 78' lang='lat' dir='ltr'><strong>est</strong></span> <span class='ocrx_word' id='word_1_419' title='bbox 1339 4362 1447 4422; x_wconf 82' lang='lat' dir='ltr'><strong>pro</strong></span> <span class='ocrx_word' id='word_1_420' title='bbox 1489 4343 1884 4413; x_wconf 70' lang='lat' dir='ltr'><strong>committere,</strong></span> <span class='ocrx_word' id='word_1_421' title='bbox 1937 4352 2004 4399; x_wconf 88' lang='lat' dir='ltr'><strong>nt</strong></span> <span class='ocrx_word' id='word_1_422' title='bbox 2028 4347 2069 4407; x_wconf 89' lang='lat'>7</span> <span class='ocrx_word' id='word_1_423' title='bbox 2100 4339 2247 4407; x_wconf 76' lang='lat'><strong>225.</strong></span> <span class='ocrx_word' id='word_1_424' title='bbox 2332 4347 2596 4399; x_wconf 79' lang='lat' dir='ltr'><strong>attamen</strong></span> 
     </span>
    </p>
   </div>
  </div>
 </body>
</html>
