3210 5200
400 1137 938 1251 FLAVII
1031 1112 1873 1247 GRESGONII
1965 1139 2589 1249 CORIPPI

910 1354 1382 1421 AFRICANI
1435 1355 2078 1422 GRAMMATICI

742 1518 811 1589 D
903 1514 969 1590 E
1113 1517 1176 1592 L
1267 1522 1334 1591 A
1422 1517 1493 1592 U
1583 1519 1653 1590 D
1746 1518 1786 1593 1
1871 1519 1934 1590 Β
2025 1520 2098 1594 U
2191 1520 2245 1593 S

454 1684 1026 1772 IUSTlNl
1099 1684 1792 1773 AUGUSTI
1864 1684 2521 1776 MINORIS

1025 1879 1303 1948 LIBRI
1363 1878 1948 1962 QUATTUOR.

1287 2138 1695 2148 -———-———-—-

841 2308 2120 2399 PRAEFATIO.

1214 2495 1361 2556 deus
1404 2499 1608 2557 omnia
1652 2518 1838 2580 regna

554 2600 663 2659 sub
688 2596 943 2678 pedibus
975 2595 1141 2656 dedit
1172 2619 1302 2658 esse
1332 2602 1450 2658 tuis
1469 2645 1485 2672 ‚
1531 2620 1820 2681 regesque
1855 2600 2140 2678 superbos

553 2699 854 2774 subdidit,
898 2698 1269 2780 hostilesque
1298 2722 1511 2761 manus
1544 2701 1885 2761 decrescere
1917 2702 2078 2760 fecit.

551 2804 655 2860 illa
682 2799 1109 2861 colubrimodis
1136 2804 1406 2861 Avarum
1437 2823 1588 2882 gens
1617 2803 1745 2861 dira
1771 2803 2001 2880 capillis
2019 2847 2036 2878 ,

467 2907 511 2971 5
551 2905 854 2965 horribilis
880 2906 1017 2963 visu
1041 2903 1357 2985 crudisque
1385 2908 1706 2984 asperrima
1737 2907 1945 2982 bellis,

548 3010 800 3088 imperio
828 3006 1093 3064 subiecta
1117 3015 1225 3065 tuo
1243 3051 1261 3082 ,
1303 3009 1525 3065 servire
1555 3015 1794 3085 parata,

550 3112 615 3168 ‘m
644 3108 845 3168 media
868 3110 1128 3187 supplex
1161 3106 1387 3167 defusis
1421 3109 1684 3169 crinibus
1710 3110 1848 3167 aula

552 3221 763 3268 exorat
789 3229 1037 3290 pacem,
1094 3230 1207 3267 nec
1239 3208 1422 3266 fidere
1452 3210 1696 3270 milibus
1734 3209 1916 3268 audet

550 3322 637 3370 tot
670 3331 991 3370 numerosa
1025 3313 1148 3370 suis
1176 3313 1445 3369 Romana
1474 3312 1766 3369 lacessere
1792 3315 1983 3390 sigua.

425 3416 508 3478 10
551 3415 684 3493 quis
712 3416 939 3472 totiens
961 3417 1150 3472 victos
1176 3421 1453 3469 numeret
1479 3431 1591 3490 per
1610 3414 1839 3490 proelia
1867 3416 2126 3471 Francos

549 3512 961 3595 edomitosque
985 3511 1209 3573 Getas?
1268 3523 1472 3591 captos
1494 3522 1826 3594 stratosque
1854 3514 2181 3593 tyrannos?

548 3616 1078 3694 Langobardorum
1105 3616 1360 3696 populos
1387 3612 1808 3695 Gepidumque
1836 3616 2094 3688 feroces,

545 3730 752 3776 mutua
780 3739 888 3798 per
914 3720 1068 3777 latos
1095 3721 1250 3776 inter
1276 3737 1341 3776 se
1366 3717 1614 3775 vulnera
1650 3734 1897 3795 campos

544 3822 862 3880 miscentes
880 3821 1113 3880 feritate
1143 3839 1250 3878 sua
1269 3864 1288 3895 ,
1333 3837 1471 3878 cum
1502 3819 1695 3875 milite
1725 3828 1854 3886 tuto

427 3920 505 3986 15
547 3922 804 3981 alternas
828 3933 1038 4000 gentes
1064 3921 1292 3980 domini
1318 3923 1554 3978 fortuna
1583 3917 1864 3977 necaret?

544 4043 681 4102 pars
711 4026 1091 4083 inimicorum
1116 4023 1328 4082 cecidit
1352 4032 1481 4080 tmn
1506 4042 1725 4099 magna
1751 4033 1988 4079 tuorum

547 4125 792 4203 perfidia
821 4129 1027 4205 punita
1055 4145 1195 4187 suat
1239 4144 1398 4184 nunc
1428 4126 1618 4180 Marte
1644 4134 1882 4202 peracto

545 4229 799 4286 victores
826 4232 1088 4309 victique
1131 4231 1275 4308 [tua]
1314 4228 1679 4285 famulantur
1704 4228 1767 4282 in
1796 4225 1955 4281 aula.

549 4329 744 4387 solum
777 4334 1177 4391 excellentem
1205 4326 1599 4390 conscendere
1633 4329 1802 4386 iussit
1828 4330 1887 4384 'm
1916 4342 2113 4382 arcem
