3210 5200
967 400 1084 471 DE
1131 399 1544 470 LAUDIBUS
1592 400 1926 470 IUSTINI.
2387 403 2537 475 299

358 576 556 635 sulatu
586 567 918 632 Theodori.
969 608 974 615 »
1002 568 1102 627 vel
1141 578 1297 627 certe
1320 568 1452 646 legi
1497 575 1691 648 potest
1725 567 1884 638 alta,
1923 564 2105 650 idque
2139 569 2268 650 ipso
2297 581 2535 629 auctore

357 672 556 719 nostro
584 657 766 731 duce,
812 657 920 735 qui
941 657 983 717 2
1023 653 1139 717 71:
1182 653 1375 710 aleam
1403 655 1685 710 tenuavit
1707 655 1774 710 in
1799 653 2029 711 aulam.
2100 658 2222 712 scio
2249 676 2535 734 magnum

355 754 817 825 purpuratorum
854 740 1194 818 principum
1228 740 1428 795 lumen
1461 741 1774 797 Caesarem
1802 738 2127 796 Rutunium
2149 750 2194 798 t.
2216 744 2258 804 7
2289 743 2534 819 supple—

356 833 512 888 visse
556 848 708 897 una,
752 822 918 906 quod
958 824 1102 881 ferri
1139 832 1352 902 potest.
1397 824 1678 882 Dtursr.
1762 821 2163 902 supplendum
2203 845 2353 896 una3
2392 845 2535 883 nam

356 913 730 972 diversorum
779 909 1224 968 coniunctiones
1265 908 1602 985 elegantem
1643 906 1892 964 unilatis
1937 909 2402 987 appellationem
2442 911 2537 967 sa-

357 1001 542 1057 ciunt.
626 1000 691 1054 in
736 1015 809 1053 ea
849 994 1186 1051 coniectura
1217 993 1526 1051 nobiscum
1553 1003 1973 1050 concurrerunt
1999 992 2217 1051 Caesar
2246 995 2538 1053 Baronius

357 1094 418 1141 et
461 1084 628 1139 Elias
668 1077 1006 1139 Putschius.
1052 1080 1300 1136 BAnru.
1381 1079 1576 1156 possis
1622 1079 1803 1134 etiam
1844 1095 1952 1156 pro
2001 1098 2126 1135 una
2162 1078 2363 1156 legere
2406 1090 2531 1137 tua.

355 1170 545 1226 R1·r⁶r.
631 1185 769 1223 cum
796 1182 920 1222 vox
944 1159 1393 1238 desideraretur,
1422 1158 1490 1225 τό
1516 1180 1693 1219 sacra
1723 1160 1797 1219 de
1822 1182 1929 1219 suo
1958 1160 2189 1219 addidit
2216 1164 2536 1242 Dempste-

358 1272 479 1311 rus.
564 1248 671 1310 sed
712 1260 770 1307 et
808 1250 1062 1306 victores
1104 1243 1206 1303 hic
1250 1265 1388 1305 cum
1433 1249 1605 1306 victis
1644 1263 1861 1326 parum
1888 1244 2102 1305 decore
2136 1251 2539 1327 composuisse

354 1335 566 1407 merito
603 1335 890 1412 Corippus
926 1328 1117 1390 videri
1145 1341 1367 1410 posset.
1449 1332 1661 1389 malim
1690 1329 1944 1389 idcirco:
1988 1334 2233 1390 victores
2263 1335 2408 1392 victi
2433 1355 2539 1392 ve·

355 1433 482 1479 stra
491 1419 890 1500 Jamzclantur
908 1419 975 1474 in
1001 1413 1173 1473 aula.
1264 1417 1351 1475 sic
1385 1418 1417 1478 1
1467 1418 1579 1479 141
1605 1432 1624 1473 2
1651 1414 1908 1495 foedera
1944 1437 2047 1473 seu
2066 1419 2246 1495 pacis
2274 1439 2412 1475 cum
2441 1421 2539 1477 vi-

356 1509 468 1564 etis
489 1507 678 1565 *ictor
698 1504 897 1561 iniret.
983 1502 1128 1560 satis
1157 1501 1382 1582 alioqui
1407 1506 1553 1576 tute,
1587 1498 1750 1580 quod
1775 1502 2103 1559 inseruerat
2127 1500 2534 1582 Dempsterus,

356 1611 530 1649 sacra
562 1589 803 1647 retineri
831 1596 1061 1666 potest:
1105 1604 1251 1643 nam
1278 1596 1339 1643 et
1371 1587 1457 1643 sic
1485 1587 1709 1664 passim
1735 1587 1998 1666 loquitur
2022 1598 2243 1646 noster.
2292 1590 2534 1647 Voucx.

357 1676 631 1754 supplevi
657 1684 788 1730 tua.-
832 1670 984 1730 haec
1010 1672 1175 1729 enim
1198 1688 1321 1729 vox
1346 1690 1489 1750 prae
1518 1671 1747 1746 ceteris,
1776 1689 1922 1752 quas
1950 1671 2056 1729 alii
2077 1685 2531 1752 supposuerunt,

359 1756 852 1817 accommodatior
880 1755 1136 1815 videtur.
1220 1757 1418 1814 Foco.

528 1845 627 1908 18.
694 1841 1113 1921 famulantur.
1205 1843 1353 1899 ritus
1377 1838 1565 1914 nulli,
1610 1835 1770 1919 quod
1799 1839 2017 1915 sciam,
2062 1839 2403 1900 observatus
2431 1838 2533 1900 hic

358 1928 539 1986 latet:
579 1947 722 1985 nam
759 1927 982 1985 fercula
1022 1923 1408 2005 triumphalia
1443 1925 1507 1983 in
1541 1925 1776 1982 solenni
1803 1926 1980 2005 epulo
2010 1945 2119 2004 per
2145 1928 2406 2006 captivos
2437 1930 2533 1985 iu·-

357 2013 716 2072 ferebantur.
803 2011 1012 2072 Sidon.
1043 2010 1307 2090 Apollin.
1344 2029 1525 2069 carm.
1556 2014 1672 2073 22:
1720 2011 1982 2068 succedit
2020 2013 2261 2088 captim
2302 2011 2533 2082 cohors,
2614 2062 2623 2067 η

360 2119 513 2178 quae
523 2098 775 2178 fereula
794 2099 973 2178 gazis
983 2097 1122 2175 sert
1143 2106 1388 2154 onerata
1410 2097 1557 2154 suis.
1627 2113 1769 2152 nam
1793 2093 1952 2175 quod
1982 2095 2044 2151 in
2068 2097 2293 2154 ferculo
2319 2100 2536 2155 trium-

357 2181 524 2263 phali
556 2195 752 2243 essent
784 2183 1162 2242 subactorum
1199 2179 1463 2241 hostium
1501 2198 1819 2259 expressae
1855 2180 2080 2257 effigies
2099 2224 2117 2254 ,
2158 2182 2535 2240 notissimum

360 2279 451 2328 est
477 2289 556 2326 ex
581 2271 809 2328 Seneca
840 2265 914 2325 de
937 2268 1062 2325 vita
1083 2266 1254 2324 beata
1287 2286 1340 2324 c.
1370 2266 1486 2330 25:
1525 2267 1591 2322 in
1620 2265 1888 2323 alienum
1914 2268 2190 2344 imponar
2192 2266 2505 2344 ferculum
2514 2308 2537 2337 ,

360 2363 749 2410 exomatarus
773 2353 1013 2410 victori-s
1036 2348 1277 2430 superbi
1295 2349 1517 2428 aeseri
1530 2368 1842 2428 pompam.
1891 2350 2139 2409 Sueton.
2169 2352 2337 2410 Caes.
2364 2372 2414 2409 c.
2432 2356 2537 2416 37.

361 2437 514 2495 alter
541 2438 683 2496 San.
712 2439 888 2494 Herc.
919 2437 1137 2495 Oetaeo
1167 2445 1282 2493 act.
1322 2441 1350 2499 1
1392 2432 1607 2494 choro:
1651 2456 1773 2493 non
1802 2453 2065 2514 pompae
2106 2437 2298 2493 veniet
2341 2436 2537 2495 nobile
2613 2470 2625 2486 ·

343 2522 675 2602 fireulum.
722 2521 1002 2580 Dnmrs'r.
1087 2520 1165 2579 cf.
1190 2517 1320 2579 Ioh.
1344 2523 1386 2583 2
1427 2520 1574 2584 885.

497 2607 500 2612 ’
534 2609 634 2671 19.
718 2626 897 2665 sonus
928 2607 1205 2665 carminis
1236 2607 1499 2684 elegans.
1559 2605 1624 2663 in
1650 2604 1757 2664 illo
1782 2603 1979 2664 solzcm
2003 2605 2372 2665 excellentem
2399 2608 2533 2666 Ma-

363 2679 494 2751 roni
523 2692 788 2750 debetur.
873 2712 1134 2771 cygnum
1158 2690 1529 2748 excellentem
1552 2702 1661 2750 ete.
1694 2733 1697 2734 ν
1749 2692 1997 2750 Biia-ru.

528 2778 634 2841 21.
716 2777 1072 2855 vigilantia,
1128 2787 1321 2834 mater
1363 2777 1573 2834 Iustini
1614 2777 1892 2850 minoris,
1937 2796 2104 2835 soror
2140 2773 2385 2858 quidem
2419 2778 2535 2834 suit

363 2863 674 2921 Iustiniani
697 2863 1101 2942 imperatoris,
1149 2879 1273 2919 uon
1313 2870 1514 2918 autem
1547 2861 1704 2935 filia,
1756 2858 2261 2942 quemadmodum
2285 2862 2438 2921 falso
2470 2860 2536 2920 id

364 2957 710 3006 amiotatum
739 2957 828 3005 est
855 2948 1092 3025 saepius
1118 2965 1304 3028 quam
1330 2965 1453 3005 uno
1477 2945 1610 3004 loco
1635 2946 1709 3004 ab
1735 2944 2038 3026 Onuphrio
2060 2949 2368 3023 Panvinio,
2403 2949 2532 3006 viro

364 3035 586 3112 alioqui
620 3030 1094 3111 diligentissimo.
1182 3029 1342 3111 quod
1369 3032 1480 3089 etsi
1505 3031 1734 3113 liquido
1768 3043 1995 3091 constat
2016 3052 2094 3090 ex
2118 3035 2392 3113 Corippo,
2427 3033 2535 3114 qui

363 3119 559 3197 ipsum
587 3119 980 3176 Iustinianum
1008 3117 1369 3174 avunculum
1393 3118 1708 3199 aliquoties
1740 3119 1948 3175 Iustini
1975 3119 2244 3176 nominat
2261 3163 2277 3192 ,
2322 3138 2534 3177 verum

363 3212 428 3259 ut
460 3212 517 3260 et
546 3200 659 3260 hoc
697 3213 754 3259 et
785 3221 1006 3260 nomen
1036 3203 1222 3280 patris
1256 3204 1502 3274 Iustini,
1546 3201 1710 3282 quod
1740 3202 1813 3259 ab
1843 3201 2055 3260 eodem
2080 3205 2366 3261 Panvinio
2396 3222 2532 3260 me-

364 3288 589 3344 moriae
624 3285 927 3365 proditum
963 3305 1087 3343 non
1132 3297 1255 3362 est,
1296 3287 1615 3344 manifesto
1648 3287 1922 3345 omnibus
1950 3290 2311 3364 innotescat,
2355 3289 2534 3347 libuit

366 3367 467 3427 hio
507 3390 801 3450 apponere
831 3391 900 3428 ea
926 3391 1078 3451 quae
1107 3365 1182 3429 de
1208 3374 1435 3430 Iustino
1474 3369 1633 3450 apud
1657 3372 1954 3428 Victorem
1984 3374 2376 3432 Tunnensem
2406 3376 2533 3431 iam

365 3454 540 3512 nobis
584 3459 849 3534 superius
890 3453 1213 3513 adductum
1256 3465 1369 3513 nec
1412 3452 1610 3513 adhuc
1650 3456 1714 3512 iu
1753 3455 1949 3512 lucem
1992 3456 2216 3514 editum
2249 3461 2313 3514 in
2344 3460 2536 3536 ipsius

365 3536 659 3598 Chronico
698 3543 912 3619 scripta
956 3543 1361 3619 reperiuntur3
1416 3559 1568 3621 quae
1610 3537 1761 3597 haec
1796 3550 1967 3597 sunt:
2013 3541 2280 3598 Iustinus
2311 3542 2536 3614 iunior,

376 3623 747 3703 Vigilantiae
787 3628 1002 3683 sororis
1039 3626 1368 3683 hestiniani
1404 3626 1681 3704 Augusti
1703 3624 1914 3698 filius,
1954 3637 2135 3703 patre
2170 3624 2538 3684 Dulcia-simo

365 3720 571 3781 natus,
615 3729 755 3767 cum
792 3708 1229 3788 tranquillitate
1261 3709 1479 3789 populi
1515 3712 1782 3767 maxima
1819 3711 2056 3787 imperii
2075 3712 2256 3767 sumit
2276 3722 2528 3789 sceptra.

364 3793 547 3852 huius
567 3798 787 3853 coniux
816 3794 1046 3872 Sophia
1084 3795 1419 3854 Theodorae
1444 3795 1767 3875 Augustae
1793 3816 1971 3873 nepos
1990 3794 2303 3854 adseritur.
2350 3799 2538 3857 Rmz.

365 3879 754 3958 imperatricis
786 3899 1027 3938 nomen.
1098 3877 1312 3937 alludit
1339 3882 1519 3939 simul
1546 3883 1826 3939 virtutem
1852 3882 2123 3960 ignaviae
2150 3884 2501 3940 contrariam
2518 3901 2539 3942 τ

369 3981 441 4019 ea
486 3965 649 4020 enim
694 3976 751 4022 et
801 3967 906 4024 illo
961 3965 1200 4023 saeculo
1251 3966 1560 4042 vigilantia
1614 3966 1979 4024 censebatur.
2067 3965 2407 4026 Gennadius
2461 3965 2539 4026 de

367 4049 679 4123 Dogmatis
711 4068 761 4105 c.
792 4052 906 4111 21:
951 4048 1215 4108 libertati
1236 4047 1478 4106 arbitrii
1500 4052 1599 4109 sui
1625 4054 1969 4109 commis-sus
2001 4062 2088 4109 est
2120 4052 2292 4109 homo
2336 4056 2542 4110 statim

370 4133 440 4188 in
476 4135 678 4207 prima
720 4134 934 4190 mundi
972 4135 1336 4206 condicione,
1378 4145 1449 4191 ut
1485 4135 1686 4206 salva,
1727 4136 2049 4215 vigilantia
2094 4139 2303 4194 mentis
2353 4140 2535 4196 adni-

371 4225 553 4285 tente,
593 4219 770 4273 etiam
815 4218 880 4272 in
902 4222 1213 4297 praecepti
1245 4219 1510 4278 custodia
1523 4232 1939 4298 perseveraret.
2030 4224 2115 4281 sic
2143 4225 2386 4281 nomine
2415 4223 2532 4280 So-

371 4299 551 4379 phiae
593 4303 895 4377 Augustae
954 4317 1223 4362 censetur
1276 4306 1562 4385 sapientia
1612 4307 1821 4364 simul:
1878 4325 2021 4364 nam
2064 4328 2134 4364 ea
2183 4308 2532 4387 imperatrix

373 4405 509 4444 cum
547 4381 788 4445 domino
829 4406 937 4446 suo
980 4389 1158 4448 simul
1192 4391 1481 4470 imperare
1528 4391 1776 4451 viriliter
1825 4393 2188 4451 censebatur.
2275 4388 2434 4448 uude
2473 4402 2531 4448 et
