3210 5200
632 336 779 409 168
1233 336 1569 405 CORIPPI
1620 337 1736 403 DE
1786 336 2199 405 LAUDIBUS

667 505 754 566 60
797 503 1069 583 quisquis
1098 502 1210 559 erit
1236 511 1468 561 vestrae
1488 547 1506 577 ‚
1549 523 1659 583 per
1680 523 1748 562 se
1775 500 1945 562 cadet
1961 545 1981 577 ,
2023 499 2265 561 invidus
2293 504 2487 578 aulae,

796 606 1134 683 afficietque
1160 606 1320 663 viros
1351 605 1557 683 legum
1581 609 1717 685 pius
1746 607 1905 664 ensis
1933 605 2194 683 iniquos.

795 705 1042 787 barbara
1072 709 1369 765 Romanos
1398 709 1703 784 augebunt
1733 708 1892 764 bella
1921 701 2275 782 triumphos,

793 826 1098 886 regnaque
1128 808 1238 865 sub
1271 811 1485 866 vestris
1507 810 1751 865 venient
1779 808 2101 867 fortissima
2130 807 2377 883 plantis.

796 927 934 964 ecce
961 917 1099 964 tuae
1125 929 1397 987 proceres
1422 911 1731 988 pulsantes
1755 911 1965 966 limina
1995 917 2200 985 portae

665 1006 752 1072 65
792 1010 1091 1067 Iustinum
1117 1008 1528 1090 Sophiamque
1554 1021 1765 1089 rogant
1794 1008 2111 1068 succedere
2138 1011 2314 1087 patri.
2330 1003 2365 1032 ’'

852 1111 1124 1171 ‘Dixerat
1149 1109 1299 1170 haec
1328 1115 1527 1190 virgo,
1570 1111 1842 1192 placidus
1869 1132 2006 1169 cum
2033 1113 2265 1170 lumina
2291 1131 2538 1172 somnus

795 1208 1089 1288 deseruit,
1132 1218 1418 1295 purisque
1453 1216 1661 1273 volans
1695 1235 1762 1272 se
1789 1216 2027 1272 miscuit
2052 1217 2236 1274 auris.

797 1324 859 1371 et
887 1316 1009 1371 iam
1038 1316 1240 1375 crebra
1266 1337 1483 1375 manus
1513 1318 1710 1375 veloci
1740 1318 1968 1374 concita
1992 1317 2184 1394 pulsu-

795 1416 1008 1475 limina
1034 1420 1356 1497 quassabat
1385 1417 1579 1477 ductis
1603 1420 1836 1476 munita
1868 1418 2116 1475 catenis.

669 1521 756 1580 70
796 1516 874 1575 ad
905 1522 1220 1599 strepitum
1253 1532 1478 1593 custos,
1520 1539 1662 1577 cura
1689 1529 1778 1576 est
1812 1518 1910 1575 cui
1944 1519 2200 1576 claustra
2229 1518 2404 1593 tueri,

798 1621 885 1677 sic
918 1622 1000 1678 ait
1029 1620 1374 1700 indignans.
1449 1613 1773 1700 “quisnam
1800 1621 2151 1677 temerarius
2177 1616 2278 1676 hic
2301 1629 2392 1678 est

803 1724 908 1801 qui
939 1719 1207 1800 placidos
1236 1719 1418 1781 audet
1448 1720 1830 1781 dominorum
1852 1740 2128 1799 rumpere
2156 1740 2420 1797 somnos,

797 1832 1066 1901 tempore
1099 1842 1218 1903 quo
1246 1821 1488 1882 dulcem
1513 1844 1643 1882 uox
1678 1825 2033 1901 intempesta
2060 1824 2326 1903 quietem
2434 1821 2452 1856 ⁴

799 1926 1019 2003 ingerit
1050 1936 1108 1984 et
1137 1926 1410 1986 membro
1446 1946 1627 2005 sopor
1659 1935 1748 1984 est
1774 1927 2147 2003 gratissimus
2175 1917 2433 1984 omnir’

670 2027 753 2090 75
789 2019 965 2099 “site
991 2027 1110 2086 fida
1136 2039 1341 2087 manet
1369 2027 1748 2086 dominorum
1774 2047 1912 2085 cura
1940 2038 2198 2102 tuorum,

796 2148 975 2206 surge
1006 2127 1310 2209 [agedum]
1330 2123 1390 2203 ,''
1431 2130 1729 2188 calinicus
1755 2131 1860 2187 ait.
1942 2148 2093 2187 mox
2123 2130 2325 2208 agnita
2351 2147 2474 2188 vox
2499 2139 2623 2188 est:

799 2242 939 2289 aute
962 2232 1121 2290 fores
1149 2228 1409 2290 domiuis
1438 2233 1776 2290 camacum
1800 2234 2038 2289 nuntiat
2065 2251 2219 2291 esse.
2301 2248 2304 2249 ’

797 2337 1134 2413 auspicium
1158 2334 1315 2392 felix
1338 2334 1448 2392 ino
1478 2331 1554 2390 de
1579 2334 1823 2390 nomine
1848 2335 2027 2413 cepit.

796 2439 1159 2516 prosperitas
1192 2456 1262 2494 ea
1296 2438 1490 2515 prhna
1512 2435 1629 2493 fuit
1659 2436 2017 2515 fortunaque
2040 2453 2241 2495 rerum

669 2541 753 2605 80
796 2550 1063 2620 tempora
1096 2537 1332 2598 defesso
1358 2556 1653 2596 renovans
1676 2537 1876 2595 felicia
1902 2535 2150 2614 mundo,

797 2641 960 2724 quod
983 2646 1250 2721 primum
1272 2641 1350 2701 ad
1375 2644 1564 2701 limen
1594 2640 1753 2698 bona
1779 2650 1922 2698 tunc
1946 2642 2192 2700 victoria
2222 2641 2405 2714 venit,

792 2745 954 2805 orbis
986 2747 1051 2801 in
1072 2748 1408 2824 Augustam
1438 2742 1714 2801 dominos
1741 2752 1807 2799 ut
1831 2740 2074 2801 duceret
2099 2745 2323 2803 aulam.

791 2841 909 2902 hoc
936 2863 1161 2903 nomen
1184 2866 1312 2905 sors
1338 2846 1498 2903 laeta
1522 2843 1668 2916 tibi,
1713 2844 2006 2918 calinice,
2051 2843 2273 2903 dicavit

792 2966 901 3023 pro
928 2948 1188 3021 meritis,
1231 2950 1326 3007 vir
1348 2947 1539 3017 clare,
1583 2945 1740 3016 tuis3
1797 2945 2110 3025 factusque
2133 2948 2411 3005 minister

668 3045 753 3111 85
797 3050 945 3105 tanti
979 3050 1212 3107 consilii
1229 3091 1245 3122 ,
1289 3048 1431 3105 licet
1456 3044 1608 3104 haec
1630 3043 1779 3104 deus
1801 3049 2003 3105 omnia
2029 3050 2191 3124 fecit,

794 3160 861 3208 tu
887 3169 1124 3230 quoque
1157 3169 1296 3207 cum
1326 3146 1587 3208 dominis
1605 3192 1623 3224 ,
1670 3150 1958 3228 quoniam
1984 3153 2072 3210 sic
2096 3161 2301 3211 mente
2329 3149 2494 3210 fideli

795 3254 1007 3311 vixisti
1036 3254 1323 3330 vivesque
1340 3295 1357 3325 ‚
1401 3254 1521 3310 tuis
1548 3249 1825 3309 mercede
1850 3253 2125 3312 laborum
2414 3232 2440 3265 '

795 3366 1104 3414 aeternam
1128 3354 1355 3411 famam
1382 3352 1748 3435 laudemque
1780 3364 1840 3411 et
1866 3374 2087 3414 nomen
2113 3354 2386 3415 habebis.

793 3459 858 3516 fit
886 3460 1063 3518 iussis
1089 3477 1258 3516 mora
1282 3459 1450 3516 nulla
1482 3455 1613 3516 dei:
1656 3477 1804 3516 mox
1833 3458 2089 3516 claustra
2118 3459 2422 3516 resolvens

661 3563 747 3624 90
787 3563 1004 3619 ianitor
1030 3561 1335 3621 excelsam
1360 3559 1637 3618 stridenti
1665 3558 1905 3618 cardine
1934 3570 2170 3639 portam

789 3666 1045 3743 imperio
1073 3666 1357 3723 reseravit
1389 3661 1543 3721 heri.
1629 3665 1756 3721 iam
1785 3664 1937 3721 visio
1964 3672 2194 3719 certmn

787 3767 1012 3824 fecerat
1036 3768 1143 3825 issa
1172 3769 1372 3825 virum
1399 3764 1724 3844 dulcesque
1750 3784 1785 3822 a
1811 3773 2051 3843 pectore
2080 3781 2322 3821 somnos

790 3871 1107 3948 expulerat
1124 3911 1140 3943 ,
1187 3887 1483 3948 curaeque
1511 3868 1668 3924 altae
1696 3868 1795 3945 pia
1827 3863 2007 3923 corda
2033 3865 2379 3923 movebant.

793 3983 857 4030 ut
887 3973 1043 4029 latae
1076 3982 1323 4049 patuere
1348 3972 1538 4041 sores,
1585 3968 1747 4026 subit
1775 3967 1976 4046 ampla
2007 3975 2252 4024 senatus

667 4073 749 4139 95
794 4074 973 4144 atria,
1021 4083 1080 4130 et
1103 4074 1295 4130 aurati
1327 4072 1531 4131 subter
1562 4071 1804 4148 fastigia
1836 4070 1979 4128 tecti

798 4176 1077 4253 corripuit
1107 4176 1357 4234 festinus
1387 4176 1530 4246 iter,
1574 4183 1939 4230 monstrante
1968 4170 2262 4227 ministro.

854 4259 986 4338 *Est
1014 4275 1228 4337 domus
1257 4277 1501 4335 interior
1527 4284 1820 4334 tectorum
1846 4275 1908 4332 in
1932 4283 2409 4353 parte‘supernffi
