3210 5200
634 327 789 402 144
1572 328 1912 397 complu

720 498 764 563 6
805 517 913 576 per
943 506 1141 574 partes
1172 493 1396 566 varias,
1440 511 1594 572 quae
1622 495 1742 552 sint
1768 490 2111 573 peragenda
2142 494 2479 574 requirens:

811 602 1049 656 vincere
1081 597 1305 680 quippe
1336 596 1533 672 gravis
1563 597 1783 654 melius
1812 599 2104 677 sapientia
2130 606 2339 674 gentes

809 719 994 781 quam
1026 699 1214 755 virtus
1244 706 1467 755 armata
1501 707 1719 776 potest.
1805 696 2215 756 moderamine
2242 700 2400 756 iusto

810 810 1117 880 percenset
1146 801 1371 872 varias,
1416 798 1691 875 relegens
1721 799 1881 856 celer
1907 798 2150 873 ordine,
2198 820 2389 869 curas,

812 916 990 983 atque
1021 900 1221 957 animo
1258 919 1366 977 per
1394 909 1603 958 cuncta
1632 901 1815 958 volat.
1901 902 1992 959 sio
2017 920 2271 980 praepes
2300 898 2559 959 hirundo

688 1008 767 1069 10
808 1006 1111 1085 inquirens
1143 1012 1378 1060 teneras
1407 1001 1590 1078 pullis
1619 1003 2007 1061 eircmnvolat
2040 1021 2242 1061 escas:

809 1106 1142 1186 proximior
1166 1104 1340 1160 terris
1365 1098 1587 1160 virides
1613 1098 1794 1161 modo
1821 1106 2110 1183 conspicit
2133 1103 2370 1177 herbas,

808 1209 976 1287 itque
1001 1203 1273 1285 reditque
1297 1204 1472 1276 locis3
1521 1223 1718 1263 ramos
1743 1223 1903 1263 nunc
1927 1206 2153 1263 arboris
2177 1208 2334 1264 altae

810 1310 1116 1388 explorat,
1158 1308 1353 1366 tacitis
1381 1304 1827 1386 proscinditque
1854 1312 1992 1365 aera
2017 1310 2256 1388 pennis.

805 1409 1051 1471 tandem
1073 1410 1391 1468 consilium
1416 1417 1628 1488 pacata
1650 1417 1855 1466 mente
1884 1407 2123 1485 resedit,

686 1508 765 1580 15
809 1525 869 1573 et
896 1514 1072 1572 sociis
1103 1512 1190 1569 sic
1220 1507 1430 1568 ductor
1454 1512 1556 1568 ait.
1634 1501 1798 1567 “non
1829 1511 2057 1570 viribus
2084 1509 2264 1571 audet

807 1618 1103 1675 Carcasan
1124 1614 1343 1669 nostris
1373 1611 1561 1669 fretus
1585 1630 1934 1669 concurrere
1958 1616 2113 1688 telis,

803 1728 931 1775 arte
958 1712 1064 1773 sed
1092 1733 1270 1791 asper
1297 1713 1455 1790 agit,
1499 1713 1704 1770 Latias
1729 1731 1952 1771 vexare
1982 1714 2254 1775 cohortes

809 1827 869 1875 et
901 1817 1167 1895 sug-iente
1193 1833 1431 1893 parans.
1518 1812 1714 1889 fugiat
1745 1812 1887 1871 licet
1917 1817 2224 1895 improbus
2250 1827 2403 1891 astu,

804 1939 928 1979 non
954 1929 1158 1976 tamen
1186 1915 1466 1994 effugiet:
1512 1923 1681 1971 tanta
1710 1917 2087 1994 superabitur
2114 1929 2261 1976 arte.

677 2025 763 2086 20
804 2031 994 2079 castra
1024 2015 1276 2077 locanda
1303 2015 1455 2075 mihi
1480 2013 1699 2075 mediis
1732 2018 2123 2078 vincensibus
2159 2023 2335 2094 arvis,

808 2141 963 2202 quae
995 2119 1176 2178 modo
1206 2130 1408 2199 raptor
1434 2116 1638 2177 habet.
1724 2119 1775 2176 si
1804 2119 1929 2177 fors
1957 2124 2326 2179 committere
2353 2137 2617 2200 pugnam

805 2242 997 2281 ausus
1020 2223 1132 2280 erit
1160 2241 1435 2297 mecum,
1478 2222 1674 2301 planis
1702 2220 1987 2280 fundetur
2018 2225 2081 2280 in
2117 2226 2303 2281 arvis:

803 2344 948 2382 nam
984 2325 1201 2383 melius
1229 2325 1407 2382 miles
1434 2326 1663 2404 campis
1689 2334 1998 2383 concurret
2026 2326 2266 2403 apertis,

806 2427 959 2485 liber
990 2445 1144 2506 equo
1161 2470 1178 2500 ‚
1223 2428 1348 2506 pilo
1375 2426 1599 2487 feriens
1621 2427 1718 2485 vel
1745 2427 2053 2486 arundinis
2080 2428 2226 2484 ictu.

675 2531 762 2598 25
803 2531 895 2589 sin
926 2529 1177 2609 fugitiva
1204 2529 1353 2586 locis
1379 2546 1528 2607 gens
1552 2529 1740 2608 Impia
1764 2532 1985 2588 texerit
2010 2530 2132 2587 illis

804 2635 979 2692 litora
1004 2632 1375 2711 praecipiens
1392 2674 1410 2706 ,
1453 2632 1773 2712 nullasque
1800 2632 1966 2690 exire
1990 2632 2270 2690 iubemus

803 2737 1107 2812 impensas
1138 2735 1328 2791 terris.
1414 2734 1648 2812 perient
1678 2730 2073 2792 nihilominus
2107 2731 2331 2806 hostes,

803 2855 916 2893 nec
942 2844 1218 2912 poterunt
1244 2832 1491 2892 sufferre
1521 2832 1656 2906 diu,
1702 2845 2031 2913 gentesque
2055 2832 2349 2892 nefandas

802 2937 1146 2995 concutiens
1177 2935 1432 2993 obscena
1462 2935 1656 2993 fames
1688 2938 1819 2992 sine
1848 2938 2039 2993 Marte
2066 2936 2330 2993 necabit.

675 3043 758 3104 30
800 3049 863 3097 at
888 3058 997 3096 nos
1024 3054 1249 3115 aequor
1277 3037 1381 3093 alit
1398 3078 1416 3110 ,
1458 3036 1697 3095 venalia
1718 3047 1987 3116 tempore
2013 3048 2172 3096 certo

803 3150 1014 3198 cuncta
1050 3139 1280 3213 ferens,
1331 3139 1727 3218 Cereremque
1760 3140 1943 3197 simul
1971 3137 2395 3219 Bacchumque
2422 3138 2742 3196 ministrat.

799 3252 991 3300 castra
1022 3251 1292 3315 movete,
1334 3241 1478 3314 viri,
1526 3243 1872 3321 cunctisque
1899 3240 2161 3299 incedite
2186 3231 2442 3320 signis-'²

887 3344 1008 3402 vix
1041 3362 1109 3400 ea
1140 3342 1300 3400 fatus
1328 3351 1485 3400 erat:
1531 3362 1775 3422 campos
1805 3354 2148 3403 contexerat
2175 3362 2385 3401 omnes

802 3444 957 3502 altus
989 3463 1173 3524 eques
1199 3444 1519 3525 lentusque
1549 3444 1770 3524 pedes;
1819 3457 2221 3527 rumpuntque
2248 3465 2357 3525 per
2384 3463 2558 3522 agros

675 3548 758 3615 85
801 3549 1043 3627 agmina
1069 3543 1254 3603 densa
1281 3549 1509 3624 virum,
1559 3548 1952 3629 fremitusque
1975 3549 2216 3605 incessit
2247 3565 2561 3628 equorum.

884 3648 1164 3706 Senserat
1193 3645 1306 3705 hoc
1332 3651 1519 3707 cautis
1552 3650 1844 3708 Carcasan
1878 3653 2140 3708 monitus
2164 3650 2275 3707 alis

799 3751 1165 3830 Antnlasque
1188 3750 1386 3809 ferox.
1471 3752 1670 3811 subito
1701 3754 2024 3830 crepitante
2048 3751 2310 3809 tumultu

799 3863 987 3911 castra
1013 3863 1288 3910 movent:
1332 3851 1532 3910 timidi
1558 3854 1756 3931 planis
1785 3856 2105 3912 consistere
2138 3852 2361 3930 campis

797 3951 1113 4015 deseruere
1141 3953 1341 4028 locos,
1385 3953 1695 4034 fossasque
1727 3956 1791 4011 in
1825 3955 2128 4036 montibus
2155 3954 2292 4010 altis

629 4139 697 4195 10
728 4138 893 4209 puluis
921 4140 972 4192 Τ
1186 4137 1255 4192 12
1287 4136 1439 4261 igque
1461 4135 1592 4220 regiit
1615 4137 1670 4190 ‘1'
1879 4137 1948 4191 13
1980 4151 2085 4220 que
2103 4133 2227 4188 aad„
2251 4134 2316 4189 M
2535 4131 2600 4187 21
2637 4145 2751 4183 sors
2776 4130 2833 4182 Τ

621 4209 691 4261 23
723 4224 1027 4260 concurrere
1051 4207 1101 4261 Τ
1405 4215 1569 4260 esent.
1591 4206 1644 4260 Τ
1832 4206 1905 4260 30
1938 4207 2119 4259 natalia
2149 4207 2200 4258 '1'
2379 4201 2451 4256 36
2483 4211 2666 4254 cantus
2689 4199 2826 4251 ear-

621 4293 775 4330 cuan
797 4277 1051 4338 montibus
1071 4272 1189 4330 altis
1207 4275 1287 4330 M.
