3210 5200
946 374 1061 440 DE
1110 370 1520 440 LAUDIBUS
1569 368 1904 438 IUSTINI.
2366 366 2514 437 327

339 562 432 608 tus
458 547 706 620 calamn,
749 545 1011 606 Venetus
1045 552 1104 601 et
1131 540 1528 618 Delriiflavis
1559 539 1785 617 legant.
1873 544 1934 595 at
1961 535 2088 595 sine
2126 534 2519 593 controversia

339 625 428 693 est
455 632 528 692 de
554 637 592 696 3
623 635 781 690 Hon.
812 628 1072 688 consul.:
1130 626 1375 703 Tethyos
1410 625 1678 683 altemae
1717 624 1939 700 refluas
1984 621 2243 679 calcavit
2278 640 2511 679 arenae.

340 731 398 778 et
424 737 675 778 numero
705 717 978 795 sequenti
1003 713 1159 770 infra
1187 713 1411 789 refluus
1438 713 1653 769 amnis.
1744 712 2025 768 Dmursr.

511 805 654 866 110.
724 800 1001 881 fletum]
1047 800 1199 856 forte
1241 816 1319 854 ex
1362 797 1586 855 saeculi
1627 797 1721 853 sui
1765 796 1939 872 genio
1970 794 2267 871 scripserit
2306 797 2522 869 poeta:

342 889 720 966 undivagum
750 897 1013 964 spectare
1020 885 1230 962 serum
1231 925 1257 954 ,
1299 892 1365 939 ut
1380 881 1596 960 fitam
1629 880 2006 959 undivagum
2034 876 2253 935 dixerit
2283 896 2389 954 pro
2414 877 2523 955 se-

342 996 445 1031 ras
483 973 844 1049 undivagos.
940 969 1166 1027 dubitat
1204 965 1448 1048 quidem
1472 968 1851 1024 Burmannus
1879 985 1956 1022 an
1988 964 2169 1042 serae
2206 960 2279 1018 de
2308 962 2524 1019 belluis

342 1059 591 1117 marinis
622 1069 776 1115 recte
805 1056 1095 1127 dicantur,
1141 1063 1198 1111 et
1225 1050 1494 1110 nondum
1521 1049 1799 1108 didicisse
1826 1070 1890 1108 se
1914 1052 2172 1128 ingenue
2204 1048 2425 1105 fatetur
2448 1045 2528 1104 ad

341 1145 449 1200 illa
475 1144 701 1200 Lucani
742 1146 774 1205 1
823 1139 980 1203 412:
1029 1150 1240 1198 ventus
1283 1136 1362 1194 ab
1407 1135 1656 1196 extremo
1698 1137 1955 1213 pelagus
2000 1137 2086 1191 sic
2126 1155 2237 1192 axe
2277 1132 2524 1204 volutet,

343 1228 742 1305 destituatque
764 1226 996 1303 serens.
1089 1225 1173 1282 sic
1201 1233 1405 1280 tamen
1431 1223 1568 1301 plus
1610 1223 1799 1280 semel
1825 1218 2070 1279 Ovidius
2093 1221 2360 1278 belluam
2389 1241 2522 1279 ma-

345 1315 567 1386 rinam,
634 1332 668 1369 a
714 1330 831 1391 qua
875 1307 1216 1368 devoranda
1250 1305 1328 1365 ad
1371 1308 1684 1385 scopulum
1715 1308 1954 1384 alligata
1991 1317 2116 1363 erat
2143 1305 2528 1365 Andromeda

346 1408 406 1455 et
434 1416 615 1477 quam
641 1400 892 1454 Perseus
920 1395 1184 1469 confixit,
1211 1394 1424 1472 seram
1452 1393 1794 1471 appellavit,
1841 1394 2085 1449 Metam.
2111 1389 2154 1452 4
2188 1396 2332 1464 706,
2382 1397 2526 1470 712,

346 1493 405 1539 et
430 1484 577 1546 718.
659 1480 823 1540 Pedo
864 1481 1145 1539 Albinov.
1185 1480 1251 1536 in
1293 1479 1509 1557 fragm.
1559 1476 1634 1535 de
1670 1480 1933 1555 navigat.
1970 1478 2247 1535 German.
2278 1498 2336 1535 v.
2366 1482 2525 1543 101:

346 1567 693 1645 sequeseris
723 1565 970 1625 credunt
985 1586 1102 1643 per
1123 1565 1339 1621 inertia
1350 1565 1506 1642 sata
1532 1565 1803 1620 marinis.
1896 1572 2159 1620 ceterum
2199 1564 2263 1620 in
2300 1566 2528 1622 Lucani

346 1652 503 1725 locu,
547 1649 710 1731 quod
738 1652 928 1709 obiter
948 1650 1167 1709 addere
1189 1650 1384 1724 liceat,
1428 1668 1537 1727 pro
1546 1648 1761 1727 serene
1787 1649 2039 1725 legerim
2055 1650 2306 1725 furens,
2350 1652 2435 1706 sic
2462 1661 2529 1709 ut

350 1734 432 1794 ad
460 1736 707 1816 pelagus
735 1738 1040 1796 referatur.
1125 1737 1352 1815 inspice
1386 1752 1538 1814 quae
1565 1731 1952 1807 antecedunt,
2013 1743 2071 1790 et
2095 1731 2258 1791 idem
2283 1738 2527 1812 senties,

350 1822 577 1899 opinor.
662 1825 886 1901 passim
910 1842 1083 1880 voces
1113 1819 1227 1878 hae
1258 1817 1717 1877 confunduntur.
1785 1818 2002 1897 furere
2027 1830 2247 1891 autem,
2292 1822 2443 1878 sicut
2470 1832 2530 1880 et

348 1906 637 1979 insanire,
681 1907 799 1965 dici
824 1908 1092 1987 pelagus,
1134 1907 1239 1963 ubi
1265 1906 1456 1963 ventis
1487 1907 1759 1983 agitatur,
1805 1906 1938 1984 quis
1965 1903 2246 1981 ignorat?
2288 1907 2532 1965 Voncx.

518 1991 599 2050 ih.
690 1996 755 2052 in
786 1994 959 2072 Spec.
990 1994 1204 2051 Critico
1247 1991 1552 2048 tentabam
1597 1989 1979 2068 undivagum
2006 2001 2269 2066 epea-tare
2290 1990 2530 2070 serum,-

355 2087 415 2134 et
449 2079 532 2135 sic
572 2098 715 2136 sane
756 2080 1173 2156 fluctivagam
1198 2076 1498 2154 praedam
1539 2074 1822 2134 Sedulius
1867 2073 2022 2131 dixit
2068 2074 2108 2137 5
2143 2076 2287 2138 395.
2356 2078 2536 2155 seras·

354 2172 555 2221 autem
578 2167 776 2222 vocari
802 2164 1035 2221 belluas
1061 2164 1351 2235 marinae,
1409 2168 1646 2239 praeter
1675 2158 1872 2220 Ovidii
1903 2169 1962 2218 et
1992 2157 2250 2218 Pedonis
2280 2160 2535 2220 Albino-

354 2250 495 2306 vaui
519 2248 685 2322 loca,
744 2246 918 2306 docet
949 2251 1130 2306 etiam
1159 2245 1519 2304 Claudianus
1550 2244 1624 2304 de
1655 2258 1825 2325 nupt.
1856 2248 2080 2303 Honor.
2119 2255 2177 2302 et
2202 2248 2350 2305 Mar.
2380 2250 2538 2312 160:

356 2352 466 2389 nec
510 2353 630 2389 non
673 2343 729 2389 et
775 2335 963 2391 variis
1003 2342 1202 2389 vectae
1233 2330 1519 2388 Nereides
1559 2330 1757 2401 ibant,
1813 2331 2019 2389 audito
2048 2351 2283 2388 rumore
2282 2375 2309 2402 ,
2354 2333 2538 2411 firie.

358 2414 642 2475 Sedulius
679 2421 709 2479 1
752 2420 905 2492 178,
965 2415 1039 2475 de
1066 2421 1241 2490 Iona,
1301 2435 1482 2495 quem
1509 2427 1672 2475 cetus
1700 2415 2122 2475 devoraverat:
2173 2427 2450 2496 tutusque
2477 2421 2544 2475 in.

298 2499 304 2508 ’
357 2513 558 2559 ventre
569 2503 803 2581 firino;
862 2503 964 2560 ubi
990 2501 1129 2560 vide
1157 2503 1498 2560 cellarium.
1582 2503 1683 2559 vel
1726 2505 1811 2560 sic
1849 2513 2054 2559 tamen
2091 2500 2247 2559 nihil
2284 2523 2445 2561 nunc
2481 2506 2546 2561 in

359 2589 616 2667 Corippo
644 2587 863 2645 mutari
886 2588 1107 2648 velim:
1166 2589 1251 2644 sic
1293 2588 1455 2646 enim
1491 2596 1551 2644 et
1579 2590 1622 2649 2
1658 2590 1803 2651 827.
1888 2586 2230 2647 Althelmus
2264 2586 2338 2646 de
2366 2586 2548 2648 laude

357 2675 524 2751 Virg.
569 2673 678 2731 sub
717 2673 885 2730 inim
927 2675 1015 2730 sic
1059 2693 1290 2752 quoque
1311 2673 1648 2751 fluctivagi
1675 2673 1943 2751 resi-enas·
1977 2675 2219 2732 caerula
2239 2678 2444 2752 ponti,
2489 2686 2550 2734 et

359 2779 418 2815 v.
450 2761 649 2822 1082:
695 2759 938 2836 turgida
952 2759 1316 2836 fluctivagis
1341 2759 1558 2834 sopivit
1584 2758 1826 2816 caerula
1859 2762 2104 2837 campie.
2194 2763 2552 2822 Fortunatus

361 2841 436 2900 de
468 2844 591 2900 vita
615 2845 856 2901 Martini
884 2842 924 2907 4
960 2849 1029 2909 1:
1091 2854 1236 2920 post
1268 2863 1433 2900 mare
1461 2843 1878 2924 fluctivagum
1918 2857 2180 2923 repetens
2214 2847 2305 2904 ad
2348 2846 2549 2904 littora

347 2939 612 3006 portum.
703 2933 796 2987 In.

527 3016 672 3077 111.
752 3015 1012 3093 gemini]
1061 3032 1412 3093 expressum
1438 3034 1474 3071 a
1503 3013 1832 3075 Claudiano
1864 3016 1972 3074 lib.
2008 3019 2041 3079 1
2079 3015 2153 3074 de
2191 3027 2395 3095 raptu:
2436 3036 2549 3094 ge·-

360 3100 636 3177 minoque
669 3101 843 3180 sacis
896 3102 1247 3158 commercia
1293 3101 1538 3158 mundo.
1613 3104 1896 3160 Drmrsr.
2019 3102 2250 3180 gemini
2298 3103 2546 3180 mundi]

362 3186 569 3242 Asiam
611 3196 671 3242 et
710 3188 1031 3264 Europam.
1120 3187 1205 3243 sic
1237 3187 1504 3243 Avienus
1555 3186 1859 3243 luculento
1904 3189 2165 3244 carmine
2205 3188 2545 3266 Periegesi:

367 3289 494 3325 una
518 3268 678 3326 Asia
711 3270 1008 3328 inclinans
1045 3270 1307 3348 geminis
1346 3289 1408 3326 ee
1441 3268 1729 3326 ‘cornibus
1765 3283 1937 3348 urget
1966 3272 2238 3350 desuper,
2280 3294 2357 3330 ao
2386 3276 2554 3350 rupti

366 3353 626 3411 divortia
657 3358 915 3412 continet
937 3355 1112 3413 orbis.
1163 3352 1326 3411 idem
1348 3355 1570 3432 pariter
1599 3364 1719 3411 tres
1742 3365 1927 3413 terras
1954 3369 2129 3415 vocat
2152 3360 2362 3424 Asiam
2382 3360 2551 3414 Afri-

368 3458 504 3496 cam
529 3440 861 3518 Europam:
906 3451 1314 3518 terrarumque
1338 3442 1518 3496 trium
1547 3439 1759 3496 modus·
1781 3450 1866 3495 est
1892 3461 2075 3496 mare.
2166 3461 2341 3519 porro
2371 3443 2551 3499 situm

369 3525 573 3603 Cpolis
590 3568 605 3597 ‚
663 3523 761 3582 hic
787 3527 1025 3605 Corippi
1052 3527 1183 3584 loco
1211 3526 1375 3584 velut
1395 3526 1831 3600 necessarium,
1874 3534 2076 3603 petere
2105 3523 2285 3585 debes
2312 3546 2392 3583 ex
2422 3530 2553 3605 epi-

368 3620 529 3667 tome
557 3609 856 3689 Xiphilini
876 3612 958 3675 74
984 3612 1195 3668 Dionis
1224 3611 1431 3669 Cassii.
1514 3612 1763 3668 Bur-ru.

535 3693 619 3752 ib.
710 3696 946 3774 proprie
984 3697 1358 3753 commercia.-
1422 3714 1565 3753 nam
1605 3694 1929 3753 disiunctas
1978 3705 2186 3774 gentes
2231 3695 2559 3756 docuerunt

370 3781 617 3857 iungere
654 3800 915 3855 merces,
974 3792 1042 3839 ut
1070 3783 1151 3839 ait
1175 3782 1511 3840 Priscianus
1530 3825 1546 3856 ,
1609 3784 1713 3861 qui
1742 3784 1950 3861 utique
1981 3792 2070 3840 est
2098 3793 2302 3840 auctor
2323 3784 2557 3862 Diony-

370 3866 575 3922 sianae
615 3867 1144 3944 interpretationis,
1203 3868 1518 3945 praecipue
1561 3869 1614 3925 si
1658 3868 2023 3928 membranis
2068 3869 2402 3928 auctoribus
2442 3870 2556 3927 niti

375 3951 523 4007 velis
550 3949 849 4009 obnixius.
933 3953 1214 4011 Manilius
1230 3996 1248 4028 ,
1283 3952 1444 4031 fecit
1484 3963 1538 4008 et
1584 3954 1805 4031 ignotis
1843 3955 2018 4012 itiner
2052 3957 2401 4014 commercia
2438 3965 2559 4012 ter-

370 4036 476 4090 rie.
564 4036 810 4093 Bia-m.

548 4119 690 4182 115.
772 4138 1025 4198 pensare
1054 4142 1230 4180 curas
1258 4119 1358 4180 hic
1396 4132 1484 4180 est
1512 4143 1680 4181 curas
1710 4142 1996 4204 aequare,
2052 4125 2230 4205 parili
2261 4124 2556 4182 sollicitu-

375 4201 516 4259 dine
546 4199 739 4277 adfici,
783 4203 947 4283 quod
973 4208 1251 4285 Virgilius
1278 4208 1624 4285 respondere
1646 4212 1806 4266 curis
1830 4211 1985 4267 Aen.
2011 4212 2050 4272 6
2080 4209 2223 4275 474.
2269 4212 2512 4268 VoncK.

548 4291 690 4350 116.
778 4291 1047 4346 omnium
1086 4291 1403 4351 affectuum
1453 4291 1864 4352 vehementior
1912 4296 2167 4353 assultus
2209 4295 2409 4353 oculos
2446 4289 2555 4348 de·—

374 4372 599 4449 primit.
687 4371 846 4431 unde
883 4373 1042 4451 apud
1084 4378 1386 4437 Alcimum
1423 4381 1667 4440 Avitum
1686 4424 1702 4454 ,
1762 4381 2009 4438 minime
2058 4374 2555 4440 contemnendum
