3210 5200
954 378 1433 447 DEMPSTERI
1480 379 1964 448 PRAEFATIO.
2481 406 2550 451 m

363 568 549 610 unum
589 566 759 606 sacro
798 544 1017 627 parieti
1059 541 1376 603 anathema
1394 589 1409 619 ,
1454 566 1574 605 non
1608 547 1860 625 viginta
1883 550 2161 624 praemia
2177 591 2200 620 ‚
2241 562 2312 609 ut
2344 563 2549 631 tyran-

365 652 600 712 nicidae
620 649 768 709 olim
808 644 1186 726 Tha-cybala
1226 646 1513 728 (Quiutss.
1542 650 1581 710 8
1616 647 1733 726 6),
1778 668 2016 727 verum,
2059 661 2128 708 ut
2155 652 2284 730 ipse
2313 656 2415 730 ait,

614 763 923 811 aeternam
935 750 1189 829 samam
1216 747 1573 828 laudemque
1603 760 1659 806 et
1687 769 1902 808 nomen
1926 749 2257 826 habebunt,

365 856 584 936 quibus
609 864 845 913 tantum
868 852 1171 909 felicitatis
1198 870 1305 908 seu
1328 868 1456 907 sors
1484 869 1590 909 seu
1618 849 1910 911 industria
1939 851 2171 914 dederit
2217 856 2550 939 (corippus

367 957 415 1016 1.
451 962 481 1020 1
514 977 575 1014 v.
607 953 750 1032 88).
831 956 1058 1012 interea
1097 964 1167 1011 tu
1204 969 1370 1009 meas
1402 970 1572 1039 curas
1601 951 1748 1010 boni
1778 956 2051 1031 consule,
2098 970 2442 1040 conceptas,
2486 971 2551 1019 ut

369 1058 562 1132 nosti,
616 1066 676 1115 et
718 1075 1029 1135 expressas
1074 1075 1193 1113 una
1236 1051 1467 1110 dierum
1507 1051 1915 1132 hebdomade,
1968 1058 2034 1115 in
2073 1061 2306 1139 privata
2341 1059 2552 1120 dome-

369 1161 503 1217 stici
553 1156 737 1216 studii
793 1157 1003 1215 umbra
1020 1200 1037 1231 ,
1102 1174 1248 1236 quas
1296 1154 1462 1236 *solui
1523 1155 1847 1215 Ciminium
1893 1158 2117 1217 saltum
2163 1167 2557 1223 transmittere

374 1260 551 1340 (Liv.
583 1263 623 1323 9
650 1256 775 1337 36)
820 1261 1002 1316 etiam
1026 1258 1522 1317 sinceriticoncm
1544 1268 1787 1317 senatus
1817 1260 2083 1319 consulto
2094 1302 2123 1333 ,
2168 1272 2229 1320 et
2272 1263 2338 1320 in
2378 1282 2554 1343 aper-

373 1373 468 1422 tos
506 1364 725 1419 Famae
768 1379 1009 1439 campos
1057 1356 1449 1432 descendere,
1493 1367 1777 1439 tanquam
1821 1361 2243 1441 exploratrices
2282 1365 2554 1441 aliarum,

370 1484 519 1547 quas
545 1462 742 1522 habeo
769 1463 834 1520 in
864 1459 1076 1521 eadem
1109 1471 1298 1520 castra
1324 1461 1495 1519 brevi
1526 1457 1884 1521 educendas.
1973 1466 2194 1543 exigua
2236 1462 2386 1523 haec
2427 1486 2557 1525 esse

369 1569 497 1626 scio
514 1611 530 1642 ,
575 1563 687 1625 sed
712 1561 890 1623 rudes
914 1583 1048 1623 meo
1077 1560 1324 1622 modulo
1352 1564 1597 1638 metior,
1640 1583 1754 1622 nec
1778 1562 1930 1623 mihi
1956 1568 2327 1646 propositum
2353 1566 2557 1626 erudi-

370 1668 454 1726 tis
484 1667 806 1748 quicquam
827 1666 1076 1724 scribere
1095 1709 1112 1739 ‚
1158 1660 1411 1746 quorum
1439 1684 1652 1723 vocem
1678 1664 1883 1724 audire
1910 1686 2092 1743 aveo,
2135 1666 2244 1728 sed
2274 1672 2555 1728 iuventu-

368 1779 504 1828 tem
542 1769 802 1848 poetices
836 1777 893 1825 et
931 1767 1224 1846 politioris
1267 1769 1609 1826 literaturae
1647 1766 1978 1828 studiosam
2011 1790 2393 1849 promovere3
2438 1791 2556 1853 quo

372 1881 443 1931 ut
471 1869 624 1928 nihil
651 1867 816 1929 aliud
840 1869 1229 1948 profecerim,
1275 1879 1432 1927 certe
1474 1865 1660 1927 habes
1691 1890 1942 1929 arenam
1971 1873 2160 1929 nostri
2185 1874 2407 1945 studii,
2450 1872 2559 1931 ubi

368 1975 467 2033 tui
488 1993 753 2031 exerceas
764 1969 1142 2049 palaestram
1167 1972 1397 2048 ingenii
1423 1970 1728 2050 (Fulgeut.
1754 1974 2006 2052 praefat.
2034 1975 2099 2032 in
2121 1974 2165 2032 l.
2185 1978 2226 2038 2
2248 1972 2559 2055 mythol).

370 2084 477 2133 tuo
516 2071 668 2133 haec
704 2074 987 2151 inscripta
1028 2073 1291 2148 nomini,
1336 2092 1453 2154 quo
1496 2084 1706 2152 sponte
1741 2087 2159 2156 properantem
2190 2075 2460 2135 hortarer
2492 2089 2559 2136 ut

369 2187 598 2236 metam
641 2177 950 2256 pertingas
995 2185 1054 2234 et
1097 2176 1310 2234 instar0
1332 2173 1673 2235 hieronicae
1721 2179 1786 2235 in
1833 2180 2007 2237 beata
2061 2178 2559 2258 iurisprudentiae

374 2297 510 2335 arce
536 2280 869 2358 requiescas
888 2321 904 2351 ,
953 2278 1050 2335 avi
1082 2278 1381 2357 patrisque
1408 2275 1728 2337 inhaerens
1756 2282 2024 2358 vestigiis
2068 2279 2183 2360 (ne
2213 2281 2562 2340 ulteriorem

374 2378 643 2437 familiae
672 2389 810 2437 tuae
845 2378 1262 2438 claritudinem
1289 2381 1399 2437 tibi
1429 2377 1817 2458 ostendam),
1863 2400 2045 2461 quem
2073 2391 2393 2463 utrumque
2424 2401 2562 2441 ma-

378 2498 536 2558 gnae
582 2500 675 2539 res
714 2492 916 2563 actae,
977 2479 1169 2540 solida
1211 2482 1398 2540 virtus
1446 2500 1515 2539 ac
1560 2483 1899 2560 principum
1934 2481 2108 2540 favor
2136 2484 2343 2562 erigit,
2386 2485 2563 2542 illum

379 2582 567 2640 etiam
628 2584 974 2661 scriptorum
1030 2583 1349 2642 aeternitas
1404 2580 1801 2641 colmnendat.
1887 2600 2000 2662 ego
2037 2603 2211 2661 vero,
2272 2596 2341 2645 ut
2377 2585 2561 2648 verba

375 2686 634 2744 Ausonii
677 2683 963 2764 (praefat.
991 2682 1071 2742 ad
1094 2679 1434 2764 Epiced.in
1461 2684 1733 2766 patrem)
1777 2704 2093 2765 usurpem,
2152 2706 2274 2745 non
2307 2698 2380 2746 ut
2413 2687 2561 2746 law-

375 2787 486 2846 des
507 2791 700 2867 exigo,
741 2787 850 2846 sed
873 2798 944 2846 ut
964 2808 1127 2846 ames
1142 2788 1407 2867 postulo.
1496 2789 1653 2850 vale.
1737 2790 2009 2850 Lutetiae
2036 2786 2192 2869 prid.
2220 2785 2344 2850 kal.
2373 2791 2562 2867 Quin-

372 2890 513 2950 ffless
550 2891 738 2955 1610·

473 3142 597 3199 DE
652 3140 1064 3201 coRIPPO
1120 3138 1723 3199 CONIECTURA
1778 3140 1965 3199 NON
2023 3139 2465 3202 OBScURA

959 3243 1086 3301 Ex
1140 3241 1583 3301 SCRIPTIS
1642 3240 1982 3302 IPSIUS.

552 3395 877 3475 Explorata
912 3392 986 3453 de
1018 3396 1272 3474 Corippo
1300 3389 1532 3452 tradere
1560 3392 1719 3451 velle
1738 3438 1755 3467 ,
1796 3394 1862 3452 in
1892 3403 2018 3451 tam
2048 3395 2168 3452 alto
2196 3393 2561 3475 antiquitatis

378 3498 622 3558 silentio
642 3541 660 3572 ,
716 3501 841 3555 'non
878 3499 1079 3556 miuus
1124 3496 1366 3555 difficile
1411 3508 1468 3555 et
1513 3493 1766 3555 arduum
1806 3514 1988 3575 quam
2028 3497 2312 3554 frivolum
2349 3507 2406 3554 et
2436 3515 2561 3553 non

378 3600 796 3682 profuturmn:
841 3599 1004 3679 quod
1035 3601 1143 3678 qui
1181 3610 1410 3658 tentant
1455 3607 1679 3677 oportet
1705 3598 2034 3655 necessaria
2062 3597 2337 3655 deserant
2347 3638 2375 3669 ,
2415 3595 2564 3654 dum

380 3705 653 3783 epeciasa
691 3713 990 3762 sectantur
1029 3700 1058 3781 (
1070 3702 1210 3761 Sen.
1264 3702 1308 3759 1.
1340 3703 1379 3764 9
1426 3711 1687 3759 controv.
1732 3697 2059 3778 praefat.);
2101 3696 2382 3779 idemque
2430 3719 2562 3759 esse

382 3805 584 3865 iudico
629 3816 805 3885 atque
848 3802 922 3862 de
961 3807 1189 3862 nutrice
1228 3802 1536 3877 Hecubae,
1614 3799 1689 3859 de
1731 3802 2011 3861 Sirenum
2048 3802 2420 3878 nominibus,
2486 3798 2564 3861 de

381 3906 594 3967 ordine
626 3905 847 3965 Iliados
880 3917 939 3965 et
966 3904 1265 3985 Odysseae
1294 3923 1431 3962 cum
1464 3906 1737 3983 Appione
1765 3904 2063 3980 altercari,
2122 3921 2259 3962 cum
2287 3889 2425 3963 ante
2447 3906 2562 3963 tri-

385 4009 556 4088 ginta
599 4029 787 4068 annos
827 4026 942 4066 nec
981 4005 1160 4067 huius
1193 4026 1306 4064 nec
1344 4008 1582 4065 alterius
1627 4004 1871 4087 quidem
1915 3999 2153 4086 Corippi
2186 4026 2409 4066 nomen
2443 4026 2562 4066 un·-

382 4127 574 4191 quam
597 4112 661 4168 in
689 4113 929 4188 Europa
954 4111 1177 4168 lectum
1207 4106 1477 4167 auditum
1494 4155 1511 4185 ,
1555 4106 1720 4190 quod
1745 4110 1950 4169 sciam.
2036 4108 2360 4189 epigraphe
2383 4110 2566 4187 igitur

374 4211 649 4293 praefert
671 4231 894 4271 nomen
931 4211 1363 4284 Grammatiei,
1404 4233 1520 4293 quo
1550 4212 1697 4272 olim
1721 4211 2130 4292 significabant
2162 4233 2284 4272 non
2318 4214 2563 4292 pulvere

369 4310 746 4377 scholastico
786 4311 1059 4375 sordidos
1100 4325 1202 4374 aut
1248 4295 1621 4395 syllabarum
1668 4317 1953 4375 minutias
1992 4323 2363 4390 aucupantes
2376 4353 2403 4385 ,
2462 4311 2571 4373 sed
