3210 5200
638 376 785 448 102
1564 373 1904 464 comm

845 541 1088 622 agmina
1115 549 1282 601 mota
1306 551 1560 622 pavent:
1604 548 1957 602 convertunt
1982 547 2149 619 terga
2177 548 2521 600 retrorsum.

640 641 803 710 1045
845 645 1179 725 insequitur
1202 647 1509 704 Romanus
1531 663 1717 723 agens
1733 689 1749 719 ,
1790 644 2114 722 sternitque
2141 661 2250 722 per
2278 644 2437 721 ipsos

847 764 1093 824 corpora
1127 744 1312 804 densa
1339 747 1526 806 locos.
1612 744 1885 805 hortatur
1907 764 2182 823 rumpere
2208 744 2397 803 fossas

848 843 1056 906 ductor
1089 868 1306 924 ovans,
1349 849 1644 930 laetisque
1679 846 1944 908 incendit
1969 858 2209 926 pectora
2239 845 2409 905 dictis

842 938 1142 1026 “vicistis‚
1184 952 1356 1009 socii.
1439 952 1652 1009 faciles
1677 970 1836 1008 nunc
1867 952 2124 1029 nunpite
2149 969 2354 1008 muros

846 1052 1120 1127 ensibus,
1166 1061 1225 1112 et
1253 1063 1461 1131 gentes
1491 1051 1712 1132 gladiis
1736 1062 2006 1111 truncate
2041 1052 2319 1124 cruentis,

642 1147 806 1214 1050
845 1151 1144 1213 vindictae
1170 1153 1317 1213 dum
1340 1165 1579 1235 tempus
1605 1153 1803 1230 adest,
1855 1152 2003 1212 dnm
2025 1154 2226 1210 letifer
2250 1150 2454 1212 hostes

843 1262 1036 1314 terror
1059 1260 1215 1336 agit,
1258 1260 1446 1317 virtus
1473 1259 1689 1316 animis
1723 1255 1868 1315 dum
1895 1257 2163 1313 maxima
2191 1257 2426 1313 vestris.

847 1374 1010 1416 nunc
1033 1369 1309 1440 tempus:
1351 1363 1642 1440 pretium,
1683 1361 1963 1433 iuvenes,
2008 1357 2308 1436 deposcite
2335 1358 2502 1417 belli.
2531 1423 2534 1428 ,

848 1454 1123 1520 hostibus
1153 1465 1432 1521 extinctis
1462 1461 1750 1541 praedam
1776 1479 2016 1539 sperare
2043 1459 2269 1518 licebit.

850 1560 1014 1621 iussa
1043 1583 1154 1644 per
1179 1566 1421 1643 imperii
1464 1562 1749 1644 (videam
1779 1566 1868 1621 sic
1888 1563 2120 1620 lumina
2150 1563 2316 1620 Petri

642 1658 807 1726 1055
849 1663 1165 1724 incolumis
1193 1664 1413 1723 dilecta
1437 1666 1593 1739 mei3
1639 1662 2017 1741 Carthaginis
2046 1683 2211 1722 arces

849 1783 1089 1825 cernere
1119 1768 1205 1825 sic
1232 1769 1422 1825 victor
1447 1762 1755 1844 merearl)
1796 1761 2076 1822 mercede
2102 1763 2377 1820 laborum

848 1869 1052 1926 omnia
1078 1869 1369 1928 militibus
1398 1866 1691 1926 donamus
1723 1876 1913 1925 castra
1941 1865 2233 1923 volentes.

850 1969 978 2025 'non
1003 1967 1191 2045 mihi,
1234 1990 1357 2029 non
1389 1971 1499 2029 ulli
1525 1968 1842 2029 ductorum
1865 1953 2099 2027 auferre
2119 1963 2325 2023 licebit

855 2064 933 2126 de
962 2069 1185 2149 praeda
1216 2075 1411 2132 sociis.
1494 2069 1717 2129 habeat
1747 2090 1854 2129 sua
1888 2066 2109 2149 gaudia
2140 2077 2342 2147 raptor

648 2168 813 2233 1060
851 2172 1029 2233 miles
1045 2218 1062 2249 ‚
1107 2184 1168 2232 et
1195 2176 1261 2232 in
1284 2176 1540 2253 propriis
1567 2175 1823 2231 laetetur
1846 2174 2058 2231 fortior
2085 2173 2267 2229 ausis.

852 2275 948 2331 eia
980 2278 1140 2354 agite
1158 2319 1175 2351 ‚
1226 2295 1262 2335 o
1293 2272 1574 2335 iuvenes!
1620 2273 1961 2348 hominem,
2004 2261 2219 2352 pecus,
2268 2272 2444 2331 obvia
2476 2292 2754 2356 quaeque

852 2375 1222 2456 impediunt,
1265 2387 1522 2436 mactate
1547 2387 1774 2452 truces,
1820 2387 1880 2434 et
1906 2376 2098 2432 limite
2124 2375 2294 2452 largo

855 2478 1178 2558 implicitas
1205 2480 1448 2559 planete
1476 2481 1627 2538 vias.
1713 2472 1825 2557 ego
1851 2480 2080 2557 primus
2105 2477 2293 2550 inibo,

855 2579 1022 2662 quod
1047 2581 1243 2658 videt,
1286 2593 1353 2642 ut
1379 2583 1562 2642 faciat
1586 2602 1832 2642 securus
1858 2581 2034 2640 miles
2060 2582 2124 2637 in
2149 2577 2343 2656 hoste,

650 2678 813 2744 1065
856 2685 1141 2763 exemplo
1168 2688 1293 2742 iam
1320 2688 1571 2766 quisque
1600 2678 1810 2744 me0.”
1891 2686 1980 2742 sic
2004 2682 2190 2755 fatus,
2236 2691 2297 2739 et
2320 2683 2451 2760 ipse

855 2796 1047 2845 castra
1078 2798 1287 2864 petens
1313 2790 1544 2865 primus
1569 2805 1861 2865 magnum
1881 2786 2023 2843 ferit
2051 2803 2192 2841 ense
2226 2786 2545 2862 camelum,

853 2906 972 2966 qna
1007 2887 1262 2967 pedibus
1293 2890 1386 2945 vis
1416 2890 1619 2944 iuncta
1648 2887 1762 2943 feri
1794 2886 1943 2943 latet
1968 2887 2147 2942 insita
2181 2888 2404 2943 nervis.

855 2996 1000 3045 tunc
1027 3008 1136 3067 per
1169 2970 1493 3069 utrumque
1520 2989 1719 3047 femur
1743 2988 1960 3045 vulnus
1985 2988 2262 3046 transivit
2287 2989 2589 3068 acerbum,

858 3098 918 3145 et
943 3092 1213 3167 geminas
1240 3094 1430 3149 secuit
1456 3092 1690 3149 conciso
1717 3089 1929 3148 robore
1954 3107 2160 3147 coxas.

648 3186 815 3252 1070
858 3201 1013 3248 retro
1049 3194 1168 3250 ruit
1202 3194 1504 3253 revolutus
1540 3190 1715 3250 humi
1748 3188 2000 3250 stridore
2036 3191 2302 3250 camelus

858 3287 1164 3369 horribili,
1206 3297 1599 3376 geminosque
1630 3294 1936 3373 impressit
1961 3292 2226 3371 pondere
2254 3295 2515 3370 Mauros,

856 3411 1113 3474 ossaque
1145 3400 1418 3457 contrivit
1447 3400 1681 3479 quassis
1707 3397 1866 3455 male
1895 3398 2073 3454 mista
2102 3393 2410 3468 medullis,

855 3496 963 3575 qui
993 3494 1161 3558 ducis
1186 3497 1460 3559 horrifico
1489 3501 1714 3558 celsam
1736 3510 1961 3557 terrore
1991 3497 2100 3555 sub
2131 3498 2334 3555 alvum

857 3597 1246 3659 condiderant
1272 3623 1424 3661 sese.
1512 3600 1724 3660 cecidit
1754 3602 2034 3679 resupina
2066 3597 2300 3658 duobus

653 3693 815 3762 1075
857 3719 999 3759 cum
1031 3705 1249 3782 genitis
1280 3705 1533 3762 Gaetula
1554 3748 1570 3778 ,
1613 3722 1911 3782 supraque
1942 3698 2221 3758 cadentes

855 3805 1088 3862 sarcina
1113 3805 1256 3863 laxa
1283 3808 1421 3864 ruit.
1509 3804 1727 3864 cecidit
1759 3801 2145 3880 calathusque
2175 3801 2469 3880 lapisque,

863 3922 985 3985 quo
1016 3892 1295 3967 Cererem
1328 3908 1574 3986 frangit.
1662 3904 1885 3984 dirupit
1909 3904 2148 3963 vincula
2177 3900 2414 3983 pondus

653 4051 791 4107 1050
820 4053 1020 4110 uindice
1042 4059 1092 4110 Τ
1296 4057 1428 4112 1058
1463 4071 1562 4109 non
1585 4055 1737 4124 mihi]
1772 4072 1886 4107 nam
1909 4051 2027 4107 mihi
2051 4053 2196 4121 apud
2219 4054 2280 4106 M
2483 4054 2612 4109 ibid.
2636 4055 2755 4108 nulli
2782 4058 2851 4122 Τ,

651 4121 768 4174 ullis
805 4124 866 4176 M
1072 4126 1207 4182 1062
1239 4134 1453 4178 mattare
1491 4126 1541 4177 Τ
1744 4126 1878 4179 1067
1911 4138 2012 4193 quo
2035 4124 2179 4191 apud
2203 4123 2262 4175 Μ
2465 4125 2577 4178 ibid
2628 4126 2851 4194 pedibus

650 4189 790 4243 uicta
815 4192 911 4246 l'eri
938 4196 988 4247 Τ
1172 4198 1300 4249 1071
1339 4192 1590 4245 horribilis
1622 4194 1673 4245 Τ
1840 4192 1972 4247 1073
2006 4191 2172 4244 album
2200 4192 2252 4244 Τ
2421 4194 2554 4249 1075
2593 4213 2665 4246 au
2689 4205 2853 4246 mater

653 4260 919 4313 Gaetula?
1144 4264 1276 4316 1076
1324 4262 1462 4316 lassa
1496 4263 1642 4333 apud
1672 4263 1736 4317 M
1934 4261 2061 4314 ibid.
2113 4260 2473 4333 calathusqne]
2524 4265 2759 4334 letusque
2803 4266 2860 4317 Τ

652 4328 786 4383 1077
820 4329 989 4400 ponde
1012 4334 1093 4388 vel
1114 4328 1282 4403 pende
1308 4332 1370 4386 Τ.
