3210 5200
659 1143 1929 1257 MICHAELIS
2065 1146 2890 1307 ΒΠΙΖΙΙΙ

1007 1349 1673 1440 ASSAGRII
1748 1351 2505 1443 CELTIBERI

910 1546 1018 1602 ΒΕ
1074 1542 1463 1602 LAumBUS
1520 1542 1821 1601 rusum
1875 1545 2224 1604 AUGUSTI
2276 1543 2600 1606 Mmoms

1342 1691 2174 1772 PRAEFATIO.

660 2150 785 2256 Ea
817 2187 1045 2247 librarii
1080 2185 1229 2260 ruit,
1291 2183 1713 2246 candidissime
1745 2190 1962 2263 lector,
2020 2189 2120 2248 vel
2150 2187 2519 2267 negligentia
2547 2188 2647 2247 vel
2672 2186 2849 2266 igno-

661 2294 856 2351 rantia
885 2293 950 2349 in
983 2287 1372 2348 describendo
1408 2291 1695 2369 Corippo,
1753 2292 1876 2348 nisi
1906 2293 2030 2348 iam
2061 2311 2141 2349 ex
2169 2294 2492 2372 antiquiori
2519 2291 2851 2370 exemplari

658 2391 992 2452 identidem
1024 2390 1342 2470 depravato
1372 2394 1770 2449 imitationem
1798 2392 2038 2468 fecerit,
2078 2403 2145 2451 ut
2175 2397 2241 2451 in
2269 2414 2364 2452 ms
2390 2404 2592 2452 nostro
2622 2393 2850 2473 aliquot

657 2496 924 2556 cannina
953 2497 1172 2553 omissa
1207 2514 1557 2573 perversave
1582 2495 1842 2569 fuerint,
1900 2515 2023 2553 non
2047 2515 2235 2574 pauca
2262 2497 2473 2555 mutila
2491 2540 2506 2571 ,
2564 2497 2850 2576 pleraque

656 2597 1147 2679 depravatissimo
1184 2597 1480 2676 legantur.
1568 2597 1786 2677 quibus
1819 2597 1997 2656 malis
2030 2600 2140 2657 etsi
2174 2619 2209 2656 a
2242 2599 2417 2657 nobis
2451 2620 2685 2659 summa
2711 2617 2850 2657 cura

654 2712 719 2760 et
757 2702 961 2761 labore
1007 2698 1365 2758 desudatum
1399 2712 1487 2758 est
1516 2710 1583 2757 ut
1614 2701 1871 2758 salutare
1904 2699 2151 2779 aliquod
2177 2700 2510 2759 remedium
2547 2703 2849 2760 invenire-

650 2821 826 2876 mus,
881 2801 1011 2857 fieri
1054 2799 1120 2857 id
1165 2798 1411 2878 quidem
1451 2800 1658 2856 multis
1707 2801 1771 2880 in
1812 2800 1962 2856 locis
2004 2802 2253 2857 minime
2293 2804 2507 2878 potuit.
2592 2801 2850 2860 mendae

654 2906 861 2983 itaque
892 2901 1118 2958 nullius
1152 2898 1517 2956 difficultatis
1547 2908 1605 2955 et
1630 2900 1913 2976 periculi,
1972 2900 2193 2978 partim
2227 2919 2307 2958 ex
2345 2903 2476 2980 ipsa
2517 2905 2850 2961 carminum

658 3005 1016 3064 orationisve
1063 3011 1353 3060 structura
1371 3044 1387 3075 ‚
1439 3002 1660 3079 partim
1700 3019 1781 3057 ex
1814 3003 2141 3059 sententiae
2171 3004 2572 3062 conformatae
2598 3007 2845 3081 ratione,

659 3107 837 3165 facile
880 3102 1185 3162 emendari
1219 3113 1570 3183 potuerunt3
1629 3112 1733 3160 aut
1782 3102 1996 3161 saltem
2037 3100 2116 3160 ad
2152 3107 2490 3183 marginem
2527 3126 2608 3165 ex
2643 3109 2844 3165 conie-

666 3219 832 3268 ctura
865 3205 1212 3266 emendatae
1246 3204 1593 3285 scrupulum
1618 3224 1655 3262 a
1676 3205 1851 3264 nobis
1878 3207 2167 3264 iniectum
2187 3207 2395 3266 lectori
2419 3208 2843 3286 significarunt.

667 3330 823 3392 quae
874 3331 1015 3370 vero
1058 3309 1220 3367 mala
1260 3309 1498 3365 nullum
1529 3317 1632 3363 aut
1663 3326 1786 3365 non
1815 3309 1944 3365 sine
1971 3311 2242 3367 maxima
2272 3308 2617 3370 difficultate
2647 3331 2845 3369 reme-

668 3411 839 3472 dium
875 3412 990 3470 sibi
1027 3411 1325 3489 postulare
1362 3408 1750 3485 videbantur,
1813 3429 1883 3467 ea
1919 3430 2028 3469 nos
2070 3415 2311 3471 omnino
2343 3416 2561 3471 intacta
2593 3415 2844 3493 reliqui-

664 3535 801 3574 mus
819 3560 835 3590 ,
894 3515 1152 3572 alienam
1191 3515 1386 3592 potius
1428 3514 1582 3570 circa
1625 3514 1756 3591 ipsa
1800 3515 2167 3572 curationem
2206 3516 2600 3596 requirentes,
2662 3536 2844 3596 quam

663 3628 731 3675 ut
746 3662 762 3693 ‚
820 3617 925 3675 ubi
972 3615 1181 3675 salutis
1223 3612 1555 3672 remedium
1591 3616 1702 3672 vix
1737 3616 1932 3674 ullum
1971 3627 2074 3673 aut
2116 3615 2365 3678 dubium
2405 3630 2522 3694 est,
2579 3629 2843 3677 nostram

659 3729 915 3794 temere,
974 3728 1042 3776 ut
1082 3716 1353 3796 plerique
1390 3726 1733 3795 arroganter
1776 3719 1960 3777 simul
2001 3729 2059 3776 et
2093 3717 2471 3798 impudenter
2496 3718 2563 3778 id
2593 3721 2841 3796 faciunt,

658 3823 831 3880 nobis
876 3822 1012 3900 plus
1060 3820 1248 3877 nimio
1303 3817 1663 3879 confidentes
1725 3819 2163 3879 adhiberemus.
2267 3822 2491 3900 placuit
2533 3823 2736 3899 itaque
2775 3822 2842 3877 in

657 3925 913 4001 gratiam
959 3922 1259 3995 omnium,
1316 3923 1585 3980 maxime
1636 3942 1776 3982 vero
1816 3942 2022 3982 eorum
2065 3920 2382 3980 hominum
2417 3923 2522 4003 qui
2557 3923 2844 3980 minutis-

656 4026 810 4083 sima
850 4044 1122 4105 quaeque
1164 4025 1232 4080 in
1273 4026 1533 4108 antiquis
1582 4026 1964 4103 scriptoribus
2004 4020 2084 4081 ad
2122 4026 2602 4104 superstitionem
2651 4044 2842 4104 usque

566 4139 575 4146 “
657 4128 977 4202 rimantur,
1037 4129 1244 4185 vitiata
1286 4127 1527 4206 Corippi
1564 4127 1698 4184 loca
1725 4137 1827 4186 aut
1852 4129 2070 4186 misere
2105 4127 2429 4202 confracta,
2487 4125 2595 4186 sed
2624 4128 2843 4207 quibus

656 4248 695 4287 a
732 4230 904 4289 nobis
942 4232 1164 4287 curatio
1213 4230 1417 4309 aliqua
1455 4225 1723 4287 adhibita
1767 4238 1887 4302 est,
1949 4225 2028 4285 ad
2057 4227 2241 4287 finem
2267 4230 2455 4308 ipsius
2484 4232 2679 4308 operis
2706 4247 2842 4286 cum

655 4344 859 4393 nostra
914 4334 1206 4394 sententia
1263 4329 1754 4389 emendationeve
1815 4332 2093 4407 reiicere3
2150 4331 2653 4410 periculosissima
2698 4348 2842 4391 vero
