3210 5200
980 371 1521 444 IOHANNIDOS·
1558 376 1719 447 LIB.
1768 379 1823 449 1.
2404 379 2494 455 41

480 537 594 600 hos
625 535 754 599 dux
782 539 1058 620 egregius
1085 541 1251 601 iubet
1275 543 1428 602 intra
1457 551 1613 604 tecta
1637 548 1859 621 vocari,
1957 561 1962 570 '

314 636 441 710 465
483 652 662 722 atque
688 643 910 702 referre
935 647 1093 705 viros
1122 647 1284 704 saevi
1311 645 1590 705 mandatu
1615 651 1877 727 tyranni.

480 758 625 806 tunc
642 791 659 822 ,
706 748 801 805 cui
829 748 1134 806 Romanae
1160 749 1356 806 fuerat
1380 747 1662 807 facundia
1697 751 1959 829 linguae,

481 851 678 909 iussus
705 852 948 909 Maurus
976 853 1078 910 ait.
1157 844 1585 929 “Languantan
1617 854 1814 928 gentis
1839 853 2089 911 acerbae

485 948 695 1012 ductor
720 953 1141 1030 magnanimus
1169 954 1279 1011 tibi
1309 973 1420 1013 nos
1435 998 1452 1027 ‚
1497 953 1827 1012 Guenfeius
1851 951 2028 1012 heros

482 1056 763 1129 Antalas,
804 1051 956 1112 haec
974 1054 1130 1131 ferre
1158 1056 1341 1113 iubet.
1425 1064 1494 1113 tu
1519 1075 1768 1134 nempe,
1813 1053 2129 1131 Iohannes,
2219 1059 2222 1062 ’

319 1151 443 1221 470
485 1177 668 1237 quem
692 1157 859 1214 novit
886 1157 1146 1237 Massyla
1171 1177 1385 1217 manus
1413 1158 1753 1218 Solomonis
1782 1158 1971 1238 iniqui

484 1267 750 1337 tempore
765 1302 782 1334 ,
833 1256 959 1317 dux
983 1263 1199 1320 nostris
1225 1261 1424 1321 fueras
1450 1263 1552 1342 qui
1576 1261 1886 1339 proximus
1913 1262 2033 1318 oris

483 1362 833 1441 vicinaeque
859 1365 1042 1421 maris
1066 1361 1375 1443 ‘quondam
1402 1374 1667 1422 servator
1693 1379 1929 1438 arenae,

482 1481 605 1521 non
636 1463 1078 1523 salomoniacas
1109 1465 1327 1525 audisti
1355 1467 1544 1524 Marte
1577 1473 1844 1523 catervas

484 1571 571 1622 tot
597 1567 817 1643 pariter
842 1565 1124 1627 cecidisse
1153 1569 1351 1646 gravi,
1395 1586 1510 1648 qua
1538 1568 1787 1626 flumina
1811 1561 1982 1624 clade

317 1658 439 1728 475
480 1665 758 1744 impleret
786 1670 1055 1728 Romana
1086 1689 1330 1748 manus,
1377 1671 1721 1751 campisque
1749 1669 2043 1748 perempti

481 1778 630 1847 quot
655 1773 834 1828 vestri
861 1772 1095 1830 iacuere
1125 1775 1270 1849 viri,
1316 1770 1576 1831 ductoris
1605 1781 1665 1829 et
1684 1774 1900 1850 ingens

482 1872 735 1929 exitium
758 1893 866 1952 per
890 1874 1050 1934 bella
1073 1877 1184 1934 tui.
1269 1886 1336 1935 tu
1366 1876 1643 1955 gentibus
1672 1872 1856 1933 audes

482 1973 715 2034 invictis
744 1976 963 2034 inferre
990 1977 1279 2039 manum?
1361 1998 1487 2039 non
1515 1985 1772 2060 quantus
1798 1977 2069 2053 Ilasguas

482 2087 658 2136 notus
684 2079 874 2135 Marte
899 2079 1007 2136 tibi
1027 2123 1043 2153 ,
1088 2099 1269 2160 quem
1295 2090 1529 2140 tantum
1552 2080 1718 2136 fama
1742 2080 2036 2156 perennis·

321 2171 440 2241 480
480 2180 672 2256 prisca
702 2178 902 2238 canit?
990 2184 1156 2241 cuius
1179 2185 1302 2240 iam
1326 2184 1728 2240 Maximianus
1753 2183 1818 2238 in
1843 2183 2023 2239 annis

481 2283 753 2362 antIquos
773 2286 1067 2361 persensit
1096 2303 1238 2343 avos
1252 2328 1268 2358 ‚
1310 2286 1578 2342 Romana
1599 2299 1710 2363 per
1731 2282 1938 2340 orbem

484 2394 713 2463 sceptra
741 2395 981 2460 tenens,
1025 2385 1182 2444 Latii
1207 2383 1524 2466 princeps?
1611 2395 1679 2442 tu
1711 2385 1902 2441 milite
1931 2401 2136 2460 parvo,

483 2487 603 2544 iam
628 2489 917 2566 periture,
961 2509 1129 2548 meas
1162 2488 1345 2548 audes
1373 2488 1471 2546 vel
1499 2504 1739 2545 cernere
1765 2479 2040 2542 turmas?
2121 2515 2124 2526 -

484 2598 587 2648 ant
614 2593 835 2669 poteris
864 2590 1111 2652 sufferre
1132 2610 1353 2651 manus
1374 2583 1710 2669 faciemque
1737 2589 2001 2649 virorum
2079 2616 2084 2625 ·
2129 2587 2136 2635 ἶ

325 2685 440 2754 485
481 2694 729 2771 aspicies
761 2697 1019 2774 campis,-
1066 2694 1275 2753 ductor
1302 2696 1601 2765 Romane,
1643 2686 1958 2749 meorum?

483 2797 628 2875 quin
658 2799 854 2874 potius
882 2808 1157 2857 converte
1183 2794 1434 2876 pedem,
1477 2796 1577 2854 vel
1602 2802 1841 2871 sumpta
1874 2801 2196 2850 retrorsum

479 2899 650 2976 signa
678 2900 863 2974 refer,
907 2909 1273 2981 mortemque
1304 2918 1469 2957 cave.
1555 2898 1647 2957 sin
1675 2895 2171 2976 procliamecum
2233 2926 2236 2935 ·

480 3003 715 3059 mittere
744 3022 919 3079 posse
938 3012 1148 3081 putas,
1194 3004 1247 3059 si
1275 3000 1337 3060 te
1364 3004 1530 3059 iuvat
1557 3002 1644 3057 ire
1675 2999 1786 3057 sub
1815 2997 2069 3055 umbras-

481 3114 659 3184 atque
690 3101 818 3162 dies
841 3118 1117 3182 suprema
1144 3115 1345 3178 vocat,
1392 3118 1496 3161 cur
1523 3105 1693 3181 signa
1722 3095 1983 3177 fatigas}
2053 3124 2058 3131 ·

320 3200 443 3269 490
484 3206 665 3264 verba
695 3208 930 3263 remitte
961 3187 1142 3280 mihi,
1189 3224 1339 3285 quae
1358 3207 1450 3263 sit
1474 3213 1578 3261 tua
1610 3214 1766 3261 certa
1798 3203 2067 3261 voluntas
2085 3216 2127 3275 ς·
2171 3220 2177 3229 ·

489 3318 548 3366 et
572 3310 746 3366 venio
772 3327 1125 3389 quocunque
1151 3304 1347 3382 voles,
1390 3326 1502 3364 nec
1525 3308 1651 3363 fata
1675 3305 1977 3364 morabor.

484 3408 632 3468 haec
656 3409 940 3470 mandata
970 3410 1134 3470 dedit
1163 3408 1749 3468 ductor‘fortissimus
1780 3410 1904 3465 ille.

486 3522 582 3586 tu,
627 3532 1011 3593 quaecunque
1043 3515 1280 3592 placent
1314 3514 1512 3569 animo
1533 3554 1550 3584 ‚
1594 3528 1873 3588 responsa
1898 3499 2205 3566 ·remitte.”

568 3616 744 3673 Tunc
768 3615 1038 3694 placidus
1067 3617 1351 3693 gravitate
1383 3633 1490 3671 sua
1519 3626 1631 3670 nec
1658 3619 1853 3666 motus
1881 3609 1946 3666 in
1969 3606 2192 3669 hostes·

317 3715 442 3783 495
485 3714 692 3775 ductor
717 3720 801 3775 ait
832 3709 1025 3777 “mihi
1055 3736 1214 3776 nunc
1239 3734 1417 3776 saevo
1443 3730 1723 3793 responsa
1754 3712 1970 3769 referre
2019 3736 2023 3742 ·
2071 3740 2074 3745 ⁴

484 3838 606 3877 non
637 3839 784 3898 opus
819 3831 909 3879 est
935 3814 1153 3901 hosati..¹
1200 3822 1372 3879 certis
1399 3828 1536 3877 sunt
1565 3819 1679 3875 ista
1709 3811 1917 3871 diebus

481 3920 837 3980 maturanda
867 3920 1020 3980 mihi
1048 3923 1211 3981 saevi
1234 3917 1514 3979 mandata
1544 3918 1800 3998 tyranni.

322 4118 419 4174 464
453 4121 693 4190 egregios
719 4124 771 4175 Τ
897 4118 1000 4178 465
1033 4122 1144 4177 seni
1168 4123 1219 4175 Τ
1349 4120 1452 4174 467
1484 4118 1699 4171 Maurus
1722 4117 1800 4182 M,
1834 4127 2035 4168 maccus
2059 4114 2110 4169 Τ
2238 4114 2342 4168 469
2373 4112 2499 4165 ami-

318 4189 444 4240 taIas
473 4192 548 4254 T,
606 4191 738 4257 idem
758 4194 794 4245 Ξ
818 4192 883 4246 31
908 4193 1155 4257 auitam,
1197 4192 1230 4245 3
1256 4191 1325 4243 73
1348 4188 1564 4255 amtalc,
1597 4189 1633 4241 3
1663 4189 1758 4240 109
1783 4185 1964 4238 antela.
2205 4182 2306 4235 478
2341 4198 2504 4249 quan-

317 4266 424 4309 tum
443 4258 637 4329 unguas
665 4262 725 4313 T·
932 4265 1034 4316 479
1069 4272 1242 4317 notum
1265 4267 1345 4312 est
1366 4259 1431 4312 M
1594 4272 1595 4277 ’
1653 4256 1756 4312 483
1786 4272 1898 4308 nam
1929 4256 1978 4308 T
2176 4249 2278 4306 484
2312 4252 2508 4303 facem-

317 4342 418 4394 que
442 4329 493 4379 Τ
693 4328 797 4385 487
832 4331 995 4385 refers
1019 4333 1081 4386 Τ.
