3210 5200
650 420 749 490 58
1576 418 1914 486 CORIPPI

817 607 976 646 nunc
1004 597 1325 666 utrumque
1352 594 1580 645 movet.
1664 586 1834 645 silvis
1855 586 2082 644 bellare
2109 585 2344 648 videtur

818 692 947 768 ipse
977 689 1127 747 sibi:
1169 707 1314 745 nam
1344 687 1619 746 membra
1642 698 1856 745 vacant
1878 688 2224 767 languentia
2251 711 2483 751 somno.

648 787 773 857 465
816 791 1046 849 lumina
1074 810 1253 869 saepe
1279 787 1490 847 vident
1509 809 1759 848 saevum
1785 810 2131 849 concurrere
2156 794 2444 866 Martem;

816 893 1048 953 lumina
1082 892 1282 949 clausa
1311 888 1520 949 vident
1552 901 1873 949 certamen.
1957 894 2007 951 it
2034 891 2311 953 horridus
2337 897 2447 967 ira,

818 997 1065 1076 vultque
1091 1013 1331 1052 movere
1357 1011 1607 1050 manus:
1651 993 2047 1071 languescunt
2072 996 2231 1054 sessa
2258 1017 2471 1075 sopore

816 1098 1087 1156 membra
1110 1096 1243 1152 viri.
1331 1095 1611 1173 quotiens
1643 1115 1894 1154 excusso
1923 1093 2169 1154 dextera
2193 1097 2373 1172 ferro,

820 1198 965 1257 dum
992 1207 1161 1278 putat
1190 1194 1539 1271 adversum,
1587 1199 1820 1256 socium
1838 1197 1978 1256 ferit
1999 1200 2271 1277 improba
2296 1196 2534 1280 pectus!

648 1297 775 1369 470
817 1312 878 1360 et
903 1304 1085 1360 risere
1110 1299 1260 1374 viri,
1304 1298 1632 1358 referentes
1657 1300 1916 1377 proelia,
1963 1320 2260 1361 somnum.

813 1421 929 1461 nec
959 1422 1082 1460 non
1109 1402 1175 1460 in
1203 1398 1424 1459 mediis
1457 1402 1617 1458 acies
1649 1402 1950 1459 Maurusia
1979 1404 2149 1463 silvis

812 1506 1083 1584 praescia
1114 1507 1239 1563 iam
1270 1505 1466 1563 saevis
1496 1504 1757 1581 agitatur
1782 1504 1847 1560 in
1874 1505 2036 1563 invia
2067 1506 2231 1565 fatis.

816 1617 1009 1664 castra
1041 1608 1171 1685 rapi
1196 1603 1391 1679 videt,
1444 1615 1505 1663 et
1532 1625 1777 1664 somnos
1803 1608 1927 1663 iam
1957 1608 2173 1686 proflat
2201 1628 2456 1668 amaros.

813 1710 1093 1786 languet,
1140 1705 1523 1787 direptosque
1554 1717 1754 1785 potest
1778 1727 1892 1765 nec
1922 1709 2063 1767 flere
2094 1712 2355 1770 camelos

647 1809 770 1874 475
813 1830 925 1867 nec
950 1809 1179 1868 vindex
1205 1810 1428 1888 surgit,
1470 1812 1614 1870 totis
1640 1807 1751 1867 sed
1778 1805 2008 1868 currere
2034 1815 2261 1891 campis

813 1915 1057 1992 agmina
1086 1913 1221 1971 fusa
1254 1910 1420 1971 videt
1449 1911 1787 1992 frustraque
1821 1913 2093 1971 attollere
2128 1912 2425 1990 dextram,

815 2026 909 2074 ast
936 2017 1087 2074 alios
1118 2017 1303 2072 sterni
1329 2016 1510 2072 variis
1535 2034 1646 2092 per
1671 2011 1845 2071 devia
1874 2015 2036 2073 fatis.

816 2095 1331 2198 currere’quisque
1359 2117 1553 2189 volet,
1596 2116 1993 2194 languescunt
2016 2119 2287 2176 membra
2315 2119 2530 2178 timore

817 2230 878 2278 et
906 2222 1103 2278 somni
1134 2221 1424 2299 gravitate
1457 2228 1659 2275 ruunt.
1743 2223 2080 2297 perterritat
2110 2219 2298 2280 hostis

642 2319 770 2389 480
811 2333 1022 2380 cuncta
1053 2324 1249 2397 ferus,
1293 2340 1543 2381 saevum
1566 2322 1880 2398 geminans
1909 2323 1975 2379 in
2001 2325 2228 2383 viscera
2255 2325 2500 2383 sermm.

812 2422 960 2483 dum
985 2444 1173 2482 manu
1200 2434 1451 2504 utraque
1479 2433 1651 2502 parat
1677 2424 1930 2482 violenti
1955 2427 2221 2485 vulneris
2247 2428 2422 2503 ictus,

806 2528 1081 2607 coniugis
1107 2546 1363 2586 excusso
1392 2529 1693 2585 concussit
1714 2529 1936 2585 vertice
1964 2538 2197 2607 pectus.

804 2632 1057 2710 eripitur
1086 2641 1229 2689 tunc
1257 2631 1366 2687 illa
1396 2632 1623 2708 magiS:
1666 2649 1812 2689 nam
1840 2629 2065 2709 praedo
2095 2632 2388 2711 superbus

806 2733 1070 2791 crinibus
1098 2733 1459 2791 abstractam
1490 2733 1659 2790 silvis
1685 2732 1955 2810 rapiebat
1982 2733 2055 2790 ab
2086 2735 2255 2812 ipsis.

632 2833 760 2899 485
801 2837 888 2894 sic
914 2836 1030 2893 sibi
1058 2836 1314 2914 quisque
1337 2831 1550 2891 videns
1583 2844 1933 2911 quassantes
1956 2844 2197 2912 pectora
2226 2856 2467 2897 somnos

800 2935 1122 2997 horrebant
1140 2980 1157 3011 ,
1204 2934 1397 2993 diram
1421 2934 1748 2990 referentes
1775 2944 1949 2991 nocte
1978 2938 2265 3014 quietem.

804 3049 1100 3099 terrentur
1121 3038 1298 3111 visis,
1342 3032 1607 3114 gaudent
1639 3033 1747 3092 sed
1776 3034 1929 3094 falsa
1957 3036 2165 3096 fuisse.

808 3139 1054 3202 donavit
1076 3139 1311 3199 miseris
1340 3134 1652 3195 modicum
1677 3156 1786 3195 sua
1814 3136 2037 3217 gaudia
2062 3151 2328 3221 tempus.

1079 3520 1551 3612 LIBER
1666 3523 2384 3614 TERTIUS.

801 3710 923 3815 At
960 3747 1128 3811 ducis
1163 3750 1373 3810 invicti
1395 3749 1696 3808 iactabant
1723 3758 1962 3828 pectora
1992 3764 2199 3823 curaer,

800 3855 1208 3936 sollicitusque
1239 3857 1362 3913 suls
1388 3853 1628 3911 nullum
1654 3872 1763 3930 per
1786 3850 2057 3908 membra
2084 3870 2360 3929 soporem

795 3960 1012 4036 accipit
1033 4004 1049 4033 ‚
1095 3968 1155 4015 et
1183 3955 1346 4014 dulci
1369 3976 1492 4014 nou
1520 3953 1807 4012 claudens
1837 3954 2067 4011 lumina
2098 3970 2308 4010 somno

792 4063 1051 4140 pervigil
1077 4063 1142 4119 iu
1174 4058 1390 4117 mediis
1421 4057 1685 4135 disponit
1708 4057 1941 4113 lumina
1969 4056 2197 4112 castris-

622 4246 725 4301 463
748 4244 843 4298 soli
861 4244 908 4296 Ιι
1040 4243 1146 4297 466
1166 4241 1209 4295 it
1226 4243 1291 4307 11,
1316 4248 1370 4294 et
1388 4240 1501 4292 ΜΤ
1633 4237 1737 4294 468
1758 4237 1859 4291 viri
1877 4240 1939 4304 Ῑι,
1962 4238 2124 4292 virum
2144 4239 2256 4292 MT
2387 4239 2490 4295 472
2509 4239 2607 4292 iam
2631 4240 2735 4292 suis
2760 4242 2823 4307 T,

624 4314 822 4383 iainque
843 4312 949 4365 suis
971 4311 1037 4363 M
1167 4313 1267 4366 481
1296 4326 1445 4363 manu
1464 4306 1588 4361 aad.
1613 4307 1677 4359 M
1808 4310 1911 4362 486
1931 4309 2214 4362 inferentes
2245 4309 2296 4362 Τ
2426 4311 2530 4364 487
2552 4310 2826 4361 horrentur

626 4383 779 4437 uiuis
800 4383 883 4437 vel
905 4379 1057 4434 iussis
1084 4381 1132 4436 T
1329 4381 1433 4434 488
1463 4376 1691 4432 donauit
1715 4377 1777 4431 T.
1846 4405 1916 4419 -
1987 4382 2017 4435 1
2049 4388 2260 4451 pectore
2285 4380 2336 4435 T
2523 4380 2561 4434 4
2592 4378 2825 4450 proelia?
