3210 5200
857 427 949 494 IN
996 427 1526 495 IOHANNIDOS
1576 427 1670 494 111
1717 419 2020 496 NOTAE.
2399 429 2540 502 241

526 592 663 656 149.
746 587 959 656 claud.
996 585 1345 673 Gigantum.
1377 612 1486 651 seu
1512 612 1694 658 carm.
1720 598 1802 660 87
1835 597 1954 662 703
1999 603 2054 652 et
2079 597 2271 653 εοοίαε
2299 607 2546 657 trunca-

354 680 442 736 vit
466 699 683 755 aquas.

529 761 666 825 150,
751 760 956 837 refluit
976 761 1175 817 amnis
1200 761 1363 839 Virg.
1391 759 1553 819 Aen.
1587 763 1627 824 8
1663 760 1805 825 240.

531 848 673 909 156.
762 845 1029 903 decimus
1066 847 1354 924 septimus
1390 866 1423 902 a
1465 848 1773 903 nativitate
1798 847 2052 904 Autalae
2076 865 2266 906 annus
2293 869 2539 928 respou-

361 929 463 988 det
494 949 649 987 anno
684 929 811 993 530
848 928 1179 988 Christiano
1198 974 1213 1004 ‚
1259 933 1398 1009 quia
1425 950 1602 1009 supra
1633 929 1709 986 ad
1739 950 1793 992 v.
1818 928 1901 993 74
1935 929 2193 988 vidimus
2225 934 2400 991 iilum
2427 956 2541 995 na·-

361 1027 493 1074 tum
529 1034 657 1072 esse
687 1034 841 1071 anno
866 1015 1006 1078 518.
1094 1033 1283 1073 annus
1314 1035 1455 1073 vero
1480 1017 1605 1080 530
1636 1025 1968 1092 postremus
1994 1017 2106 1072 fuit
2138 1020 2304 1094 regni
2331 1019 2546 1078 Hilde-

365 1103 472 1158 rici
510 1120 614 1156 seu
650 1098 1007 1173 Hildemeri‚
1052 1108 1122 1156 ut
1160 1119 1302 1156 eum
1333 1109 1503 1158 vocat
1530 1106 1704 1179 poeta
1732 1109 1959 1173 noster,
2004 1103 2177 1157 sicuti
2209 1100 2546 1177 videbimus

244 1187 255 1194 '
363 1185 521 1242 infra
546 1182 625 1242 ad
650 1204 704 1246 v,
726 1185 864 1256 198,
904 1192 963 1240 et
985 1188 1342 1242 centesimus
1370 1186 1537 1261 regni
1560 1181 1966 1243 Vandalorum
1991 1188 2055 1240 in
2081 1187 2280 1243 Africa
2305 1202 2543 1271 sumpto

366 1272 537 1328 initio
567 1289 601 1326 a
628 1271 821 1348 primo
851 1271 1127 1345 ingressu
1157 1270 1463 1326 Geuserici
1485 1272 1548 1326 iu
1582 1288 1717 1325 eam
1743 1272 2135 1347 provinciam.
2518 1280 2521 1285 '

538 1373 674 1433 158.
753 1370 884 1447 ipse
909 1370 1195 1427 Hercules
1224 1367 1384 1448 apud
1409 1367 1581 1433 Ovid.
1601 1370 1753 1426 Met.
1781 1372 1819 1431 9
1854 1371 1974 1433 197
2007 1372 2094 1428 sio
2120 1372 2233 1430 ait:
2276 1373 2374 1433 his
2401 1379 2550 1438 elisa

367 1458 523 1513 iacet
546 1454 727 1512 moles
755 1454 1060 1511 Nemeaea
1096 1454 1352 1512 lacertis.

539 1554 679 1621 164.
762 1556 924 1632 Virg.
955 1551 1119 1612 Aen.
1160 1561 1238 1622 12
1280 1554 1396 1619 57:
1440 1573 1573 1631 spes
1611 1563 1677 1609 tu
1717 1574 1878 1611 nnnc
1921 1575 2045 1614 una
2082 1569 2373 1630 senectae,
2418 1572 2478 1621 et
2512 1567 2553 1628 9

371 1639 535 1703 423:
578 1639 764 1697 simul
798 1661 931 1696 enee
967 1639 1214 1696 recluso.
1305 1660 1413 1718 pro
1441 1659 1584 1696 voce
1607 1640 1885 1695 inusitata
1910 1640 2178 1699 reclauso
2209 1642 2343 1703 vide
2375 1665 2555 1726 supra

368 1724 453 1798 ad
478 1744 534 1786 v.
566 1727 699 1787 118.
785 1726 930 1781 item
956 1726 1116 1802 Vir-g.
1138 1723 1300 1782 Aen.
1324 1726 1404 1786 10
1440 1723 1596 1787 414:
1646 1722 1977 1800 Strymonio
2005 1726 2269 1786 dextram
2277 1729 2559 1810 fulgenti

376 1809 585 1888 diripit
615 1829 774 1878 ense,
816 1819 875 1866 et
896 1813 933 1870 3
971 1808 1084 1871 49:
1128 1812 1269 1867 auri
1292 1830 1430 1866 cum
1442 1807 1708 1884 pondere
1729 1829 1969 1888 magno.

551 1915 688 1977 167.
771 1911 933 1987 Virg.
958 1910 1120 1967 Aen.
1164 1915 1195 1974 1
1233 1910 1389 1974 215:
1435 1919 1669 1988 tergora
1707 1910 1999 1987 (lis-cpiam
2039 1915 2211 1971 costis
2243 1925 2300 1972 et
2331 1919 2558 1978 viscera

379 1995 640 2068 nudant;
678 2016 827 2075 parc
856 1997 923 2051 in
939 1996 1156 2074 snt-eta
1190 2005 1393 2053 secant
1426 1992 1797 2072 verubusque
1827 1999 2134 2053 trementia
2146 1999 2383 2078 figunt.

547 2083 686 2145 168.
772 2081 935 2157 Virg.
964 2080 1126 2136 Aen.
1161 2083 1199 2142 6
1238 2082 1396 2143 550:
1432 2081 1714 2156 flammis
1744 2079 1938 2137 ambit
1970 2084 2341 2143 torrentibus.

553 2170 693 2230 171.
781 2175 1034 2240 tempore
1059 2167 1186 2221 iam
1210 2185 1279 2221 ex
1306 2163 1412 2221 illo
1436 2166 1598 2242 Virg.
1625 2165 1786 2222 Aen.
1823 2169 1851 2226 1
1896 2169 2037 2228 627.

552 2251 692 2314 178.
775 2251 939 2325 Virg.
968 2248 1104 2305 Eel.
1136 2253 1176 2311 2
1212 2248 1326 2311 4οτ
1373 2260 1504 2305 tum
1536 2248 1688 2305 mihi
1714 2247 1871 2306 valle
1896 2251 2132 2325 reperti.

557 2335 694 2398 181.
776 2335 942 2410 Virg.
975 2332 1137 2391 Aen.
1180 2337 1220 2398 8
1264 2333 1422 2398 6473
1465 2336 1812 2413 ingentique
1848 2333 2053 2391 urbem
2088 2332 2391 2394 obsidione
2417 2360 2565 2416 pre-

387 2416 601 2475 mebat.

558 2505 694 2565 182.
766 2523 1048 2581 perverso
1074 2503 1318 2559 numine
1344 2501 1504 2578 Virg.
1529 2500 1692 2559 Aen.
1730 2504 1770 2564 7
1807 2499 1951 2567 584,

559 2589 697 2650 183.
783 2587 926 2645 lati-s
953 2588 1181 2666 campis
1206 2589 1367 2664 Virg.
1396 2587 1558 2644 Aen.
1598 2587 1676 2648 11
1718 2583 1860 2649 465.

564 2668 703 2734 184.
784 2675 947 2751 Virg.
973 2672 1137 2730 Aen.
1174 2675 1244 2734 11
1292 2673 1447 2735 587:
1473 2672 1640 2751 salis
1670 2681 1917 2749 urgetur
1942 2669 2190 2729 acerbis.
2282 2674 2463 2731 etiam
2502 2676 2565 2732 iu

393 2754 594 2815 codice
635 2774 754 2836 quo
787 2774 931 2816 usus
968 2768 1059 2816 est
1099 2757 1373 2829 liuidus,
1417 2766 1484 2814 ut
1511 2756 1736 2834 publici
1764 2757 1910 2815 iuris
1936 2756 2160 2814 faceret
2190 2757 2418 2837 reliqua
2449 2759 2568 2818 Co-

394 2845 550 2921 rippi
586 2843 879 2916 carmina,
922 2862 1162 2920 semper
1184 2859 1365 2919 urgeo
1389 2841 1642 2899 verbum
1673 2860 1809 2898 cum
1839 2862 1908 2911 u,
1949 2841 2121 2899 litera
2164 2842 2425 2920 liquida,
2470 2845 2570 2901 iu-

390 2929 628 2985 venitur
666 2929 751 2985 sic
797 2947 1047 3006 urgueo;
1095 2945 1212 3007 qua
1253 2923 1328 2983 de
1368 2946 1433 2983 re
1478 2924 1847 2984 monendum
1887 2946 2015 2984 esse
2051 2927 2335 2984 lectorem
2373 2930 2571 2987 visum

394 3024 483 3071 est
516 3014 632 3090 ipsi
670 3010 883 3070 editori
917 3010 996 3069 ad
1021 3033 1077 3075 v.
1106 3015 1188 3075 33
1205 3011 1410 3089 praej:
1500 3008 1895 3070 Ritterahusio
1938 3023 2138 3069 autem
2175 3012 2398 3090 placuit
2423 3011 2576 3075 haec

395 3108 672 3155 constans
701 3094 1123 3176 orthographia
1153 3106 1427 3154 veterum
1455 3096 1622 3153 verbi
1648 3116 1830 3174 urgeo
1860 3116 1996 3154 cum
2022 3098 2218 3154 littera
2250 3117 2293 3152 ιι
2324 3118 2576 3174 argaeo,

394 3193 461 3239 ut
500 3181 576 3238 ad
618 3185 715 3244 cit.
753 3202 993 3240 versum
1029 3191 1292 3243 testatur.
1376 3177 1517 3239 hinc
1567 3200 1677 3258 ego
1727 3183 1945 3239 veritus
1975 3201 2109 3239 sum
2144 3179 2360 3239 codicis
2388 3181 2578 3241 nostri

398 3268 706 3345 antiquam
745 3269 1097 3345 scripturam
1133 3269 1482 3338 immutare,
1527 3265 1860 3344 ubicunque
1900 3285 2033 3323 eam
2063 3268 2284 3329 inveni.
2370 3264 2444 3324 de
2476 3287 2574 3323 ra-

398 3354 559 3408 tione
589 3349 887 3427 scribendi
916 3349 1171 3408 eandem
1194 3369 1407 3409 vocem
1429 3348 1651 3408 videsis
1672 3350 1886 3411 Cellar.
1913 3350 2192 3431 Orthogr.
2212 3351 2358 3408 Lat.
2376 3371 2437 3429 p.
2455 3353 2575 3415 117

399 3432 494 3499 ed.
518 3437 720 3499 Patav.
753 3434 934 3501 1724.

570 3535 714 3600 185.
796 3555 1049 3614 regnum
1074 3532 1478 3593 vandalorum
1502 3536 1568 3592 in
1596 3535 1798 3592 Africa
1820 3534 2014 3592 innuit
2039 3531 2139 3591 hic
2164 3539 2370 3611 poeta,
2415 3531 2579 3611 quod

401 3621 572 3679 annis
614 3622 842 3678 circiter
885 3624 1002 3682 100
1040 3623 1263 3698 viguit3
1308 3639 1427 3700 qua
1461 3619 1537 3678 de
1580 3639 1645 3677 re
1686 3617 1823 3676 vide
1863 3637 2040 3698 supra
2079 3615 2158 3676 ad
2192 3638 2249 3680 v,
2285 3620 2362 3681 16
2398 3614 2577 3676 huius

401 3706 558 3769 libri.
612 3753 625 3763 .
645 3724 803 3763 anno
830 3724 1049 3783 nempe
1073 3707 1197 3768 428
1223 3724 1257 3761 a
1280 3706 1589 3763 Bonifacio
1626 3706 1839 3767 comite
1864 3713 2106 3763 vocatus
2129 3704 2322 3760 fuerat
2348 3702 2578 3760 Gense-

404 3794 558 3849 ricus
600 3793 663 3848 in
704 3792 1000 3849 auxilium
1039 3799 1240 3847 contra
1282 3792 1556 3862 Aetium,
1603 3800 1662 3846 et
1701 3808 1856 3847 anno
1897 3789 2022 3852 480
2064 3791 2187 3846 iam
2222 3798 2411 3845 totam
2455 3788 2581 3845 fere

404 3876 671 3934 Africam
713 3877 826 3934 sibi
861 3876 1210 3935 subiecerat.
1294 3872 1436 3931 hinc
1479 3885 1707 3933 constat
1746 3871 1846 3931 hic
1873 3873 2044 3952 loqui
2072 3883 2373 3931 auctorem
2401 3870 2475 3929 de
2505 3874 2581 3930 iia

409 3978 562 4038 quae
589 3957 814 4016 ibidem
839 3958 1178 4018 acciderant
1206 3968 1453 4017 centeno
1476 3968 1613 4038 post
1638 3977 1794 4023 anno
1810 4004 1825 4032 ,
1870 3959 2094 4016 scilicet
2118 3958 2242 4020 530
2271 3955 2506 4018 Christi.

581 4064 719 4124 189.
801 4072 936 4137 post
974 4063 1129 4117 vires
1169 4077 1377 4117 vocem
1408 4057 1644 4115 validae
1673 4057 1898 4131 adieci,
1944 4060 2079 4138 quia
2114 4077 2357 4116 mancus
2384 4059 2446 4114 in
2478 4074 2580 4113 co·-

413 4141 545 4200 dice
573 4154 696 4201 erat
718 4142 819 4201 hic
843 4164 1081 4218 versus;
1128 4162 1379 4223 eamque
1405 4145 1685 4200 accersivi
1710 4161 1789 4200 ex
1816 4145 1978 4219 Virg.
2004 4143 2165 4199 Aen.
2188 4146 2225 4203 6
2263 4145 2419 4205 833:
2465 4144 2598 4196 neu*

400 4229 645 4306 patriae
669 4228 906 4305 ualidae
929 4230 995 4285 in
1021 4231 1244 4285 viscera
1267 4231 1470 4286 vertite
1497 4229 1670 4289 vires,
1754 4226 1871 4284 feci
1899 4226 2178 4304 Nausia,
2223 4228 2361 4305 quia
2405 4226 2584 4280 etiam

412 4313 568 4370 infra
600 4315 640 4375 6
676 4310 800 4373 384
836 4322 925 4370 est
949 4313 1208 4390 Ncmfiu·
1231 4313 1501 4371 anhelus.
1559 4321 1820 4369 attamen
1843 4313 2034 4370 fateor
2055 4309 2215 4369 hunc
2247 4320 2305 4371 et
2326 4327 2584 4388 sequen-

414 4408 538 4455 tem
562 4414 802 4455 versum
827 4394 1025 4455 adhuc
1045 4395 1311 4475 indigere
1335 4397 1566 4457 medica
1594 4414 1796 4459 manu.
